3322 5174
233 343 294 408 rte

230 565 299 613 rum
322 544 453 612 caelitus
475 541 699 609 administrata
721 542 810 609 fuere
841 541 1000 624 suffragia,
1029 542 1108 608 adeo
1131 541 1216 622 quod
1238 543 1271 604 et
1292 539 1337 606 illi
1358 537 1564 606 truculentis·

228 633 343 700 simam
365 630 534 714 pharaonis
556 629 753 712 tyrannidem
776 627 919 713 fugienti,
941 647 1029 694 mnne
1051 628 1192 708 rubrum,
1215 643 1277 691 non
1300 627 1423 710 saitem,
1448 623 1564 690 saluti-

229 720 301 786 fera
322 718 397 784 sicci
418 715 555 800 vestigii,
579 735 636 798 per
657 715 808 782 altissima
831 713 1055 798 profunditatis
1078 733 1154 781 suae
1173 713 1286 780 abdita
1302 712 1564 780 subministrave-

227 806 271 872 rit
292 804 420 890 eifugia,
443 821 552 870 verum
584 802 679 870 etiam
707 807 782 885 post
811 802 1094 883 auspicatissimum
1116 801 1180 867 iam
1201 800 1329 866 tandem
1352 806 1487 882 portum,
1512 803 1564 862 to-

230 899 296 959 tam
319 891 462 958 totaliter
484 889 632 956 hostilem
654 888 832 974 gurgitibus
855 889 920 954 suis
941 888 1095 954 deleverit
1117 888 1291 968 colluviem,
1315 893 1348 953 et
1369 885 1442 951 huic
1463 885 1567 966 incly-

231 986 296 1046 tam
328 977 412 1044 illam
445 975 657 1059 promissionis
686 981 804 1042 terrem
830 975 1004 1060 usurpanti,
1035 980 1103 1040 tum
1125 975 1272 1056 religiosa
1293 973 1443 1040 iordanis
1466 972 1567 1038 obse-

230 1069 373 1148 quuntur
406 1062 539 1138 fluenta,
574 1067 640 1128 tum
673 1061 763 1146 ipsae
795 1080 910 1129 aereae
943 1061 1141 1145 tempestatis
1173 1061 1331 1144 procellae
1365 1057 1567 1143 (miserabile

230 1149 332 1237 dictu)
356 1151 514 1233 lapidibus
535 1149 681 1216 hostilem
703 1148 861 1216 horrenda
881 1150 1049 1216 multorum
1072 1167 1143 1214 cum
1164 1149 1273 1231 primis
1295 1147 1479 1228 frangerent
1500 1146 1566 1209 im-

232 1243 342 1322 petum
374 1237 482 1316 caede,
515 1253 637 1304 necnon
670 1235 815 1302 sublimia
837 1240 870 1300 et
892 1235 967 1302 solis
992 1242 1026 1302 et
1046 1237 1140 1302 lunae
1170 1236 1283 1319 sidera,
1306 1233 1432 1315 inipso
1456 1232 1568 1299 medio

232 1325 324 1405 caeli,
352 1329 481 1406 praeter
502 1322 712 1390 omnimodum
732 1327 864 1390 naturae
882 1341 960 1390 suae
979 1323 1121 1389 ordinem
1137 1326 1290 1406 (eousque
1312 1322 1412 1388 donec
1434 1319 1566 1385 deside·

229 1418 302 1480 rata
324 1427 363 1476 ex
385 1409 512 1476 victoris
534 1409 633 1492 ipsius
656 1410 814 1477 sententia
836 1414 1073 1476 consumeretur
1094 1410 1238 1493 victoria)
1260 1407 1435 1474 immobiles
1458 1406 1569 1473 consi-

231 1503 363 1580 sterent,
386 1497 419 1563 in
441 1501 572 1573 tantum,
595 1502 715 1562 utnon
737 1495 836 1561 multo
858 1501 940 1578 post,
972 1496 1103 1580 triginta
1125 1502 1159 1562 et
1180 1513 1277 1562 unum
1297 1513 1392 1578 porro
1415 1497 1448 1559 et
1470 1492 1569 1560 foeli-

230 1585 310 1652 citer
338 1582 487 1650 iunderet
507 1588 540 1648 et
561 1582 660 1648 redux
694 1583 817 1650 omnino
846 1581 1023 1649 debellaret
1052 1601 1154 1666 reges.
1185 1581 1290 1649 'laceo
1314 1579 1505 1647 Madianitas
1532 1585 1570 1645 et

232 1669 447 1738 Amalecbites
481 1669 637 1752 quondam
668 1669 749 1754 illos,
780 1686 850 1736 cum
872 1668 942 1735 aliis
965 1669 998 1736 id
1019 1687 1119 1754 genus
1142 1669 1348 1736 orientalibus
1372 1668 1404 1732 in
1425 1667 1571 1734 locusta-

231 1776 300 1824 rum
322 1756 521 1824 multitudiue
542 1756 676 1839 populis,
700 1756 732 1821 in
756 1774 862 1821 mauu
884 1760 1096 1823 trecentorum
1119 1758 1282 1823 dumtaxat
1297 1756 1433 1821 virorum
1449 1752 1572 1819 Hiero-

231 1843 315 1924 baai,
339 1846 391 1925 qui
415 1848 448 1908 et
470 1843 600 1910 Gedeon
622 1842 764 1925 traditae,
789 1860 914 1909 necnon
936 1842 1039 1910 Zebee
1063 1848 1096 1911 et
1118 1841 1266 1910 Salmana
1289 1861 1360 1908 cum
1383 1844 1508 1906 centum
1534 1845 1574 1906 et

232 1929 343 2015 viginti
365 1945 459 2012 porro
481 1929 619 1997 millibus
641 1947 761 1996 caesos.
784 1929 855 1994 Non
870 1935 928 2010 est,
945 1930 1082 2014 inquam,
1099 1931 1184 2012 quod
1199 1930 1377 1996 dubitemus
1393 1929 1433 1994 de
1450 1944 1570 1993 arcen-

234 2018 283 2085 dis
305 2035 344 2084 ex
364 2017 494 2099 Europa
521 2015 643 2102 Turcis,
671 2017 837 2082 dummodo
869 2017 962 2082 deum
993 2017 1164 2100 propitium
1194 2016 1407 2094 habuerimus,
1432 2019 1573 2080 orantes

233 2110 359 2171 etcum
382 2103 609 2187 patientissimo
630 2103 693 2169 lob
718 2103 876 2169 dicentes:
910 2103 1011 2170 bbere
1039 2122 1090 2170 me
1111 2105 1235 2171 domine
1264 2108 1297 2170 et
1318 2121 1399 2185 pone
1422 2117 1472 2168 me
1494 2102 1570 2166 iux-

235 2197 270 2258 ta
286 2196 329 2271 te,
346 2195 380 2257 et
394 2189 530 2256 cuiusvis
551 2209 662 2255 manus
683 2195 803 2273 pugnet
824 2193 933 2256 contra
954 2209 1013 2257 me.
1040 2189 1162 2272 Quippe
1185 2191 1212 2256 si
1235 2189 1336 2274 (iuxta
1358 2187 1493 2271 apostoli
1511 2187 1574 2252 do-

234 2275 383 2363 ctrinam)
407 2277 493 2343 Deus
515 2294 572 2359 pro
595 2277 694 2359 uobis,
717 2285 750 2341 et
773 2276 843 2358 quis
865 2282 915 2344 est
936 2277 1082 2358 omniurn,
1106 2278 1160 2358 qui
1181 2275 1334 2359 prolicere
1356 2275 1475 2357 poterit
1489 2291 1576 2340 con-

235 2371 286 2432 tra
309 2381 377 2431 nos.
399 2363 513 2428 Divino
539 2369 643 2432 autem
673 2363 788 2430 auxilio
818 2365 1051 2446 praetermisso,
1076 2365 1197 2429 nullum
1218 2363 1279 2429 rite
1301 2361 1453 2428 fundatur
1475 2379 1575 2428 exor-

236 2451 331 2532 dium,
356 2453 389 2516 et
410 2449 509 2516 sicubi
531 2449 636 2516 divina
658 2449 758 2515 dotus
780 2449 893 2516 studiis
915 2469 976 2517 non
1001 2455 1188 2533 cooperatur
1217 2449 1372 2527 humenis,
1395 2448 1496 2514 omnis
1521 2447 1577 2512 la-

235 2538 296 2606 bor
317 2541 350 2604 et
371 2536 511 2621 quaevis,
535 2536 734 2618 quantumvis
756 2537 890 2602 maxima
904 2536 1068 2616 industria,
1086 2553 1176 2604 cassa
1191 2537 1311 2604 reditur
1338 2541 1372 2599 et
1386 2533 1424 2600 fit
1440 2535 1578 2601 omnino

234 2623 347 2690 inanis.
378 2621 499 2704 Quippe
527 2621 789 2704 quemadmodum
817 2623 941 2690 divinae
961 2624 1122 2706 potentiae
1143 2623 1221 2689 nihil
1235 2629 1284 2689 est
1299 2587 1438 2702 difficile,
1460 2623 1508 2686 ita
1533 2627 1577 2686 et

237 2709 307 2776 sine
328 2709 389 2776 deo
410 2709 487 2774 nihil
509 2715 559 2775 est
581 2709 724 2791 cuiquam
747 2709 907 2790 possibile,
930 2709 957 2776 si
978 2710 1053 2776 item
1077 2710 1208 2776 militem
1223 2715 1289 2775 tam
1305 2709 1456 2791 solertem
1472 2726 1579 2791 quam

238 2795 447 2879 frequentem,
470 2801 641 2876 strenuum,
664 2795 788 2877 fortem,
809 2813 983 2880 pugnacem
1005 2803 1038 2863 et
1059 2813 1122 2862 non
1147 2796 1301 2880 fugacem,
1317 2796 1492 2862 incolarum
1512 2795 1578 2860 de-

237 2882 407 2962 fensorem,
438 2901 502 2949 non
532 2888 637 2949 autem
668 2901 875 2966 opressorem,
899 2903 955 2949 suo
979 2884 1076 2966 ipsius
1100 2883 1256 2966 stipendio
1279 2888 1434 2960 utentem,
1458 2887 1491 2948 et
1514 2899 1578 2946 ne-

238 2986 395 3053 quaquam
419 2969 523 3034 aliene
544 2969 728 3052 rapientem,
759 2988 822 3036 non
844 2969 981 3046 atheum,
1005 2989 1066 3036 non
1087 2969 1317 3054 blasphemum,
1339 2968 1515 3035 bellantem
1538 2973 1581 3034 et

238 3073 301 3124 non
331 3055 510 3122 belvantem
540 3055 752 3136 habuerimus,
768 3055 875 3138 plures
898 3056 981 3123 enim
995 3057 1181 3139 plerumque
1195 3057 1228 3121 in
1250 3057 1296 3122 rei
1319 3055 1457 3122 veritate
1476 3072 1579 3136 pere-

238 3143 400 3228 grinorum
429 3142 462 3208 in
491 3147 597 3226 partes
626 3141 808 3227 Hungariae
838 3144 1038 3226 venientium,
1071 3143 1199 3226 crepula
1221 3143 1301 3224 ipsa,
1325 3159 1419 3225 quam
1441 3141 1580 3208 hostilis
1659 3219 1660 3228 ἵ

238 3229 393 3313 perimere
420 3228 503 3297 solet
530 3230 664 3314 gladius,
694 3231 784 3315 adde,
817 3234 889 3312 quia
919 3230 1080 3297 consilium
1110 3230 1216 3313 potius
1246 3234 1407 3312 spectatur
1428 3227 1462 3292 in
1485 3228 1577 3294 duce

240 3333 335 3400 quam
357 3334 454 3401 arma,
477 3318 646 3398 prudentia
667 3317 800 3383 militum
835 3335 927 3400 quam
960 3317 1046 3384 bella
1068 3314 1150 3403 (sine
1174 3315 1286 3398 quibus
1310 3321 1415 3382 cestra
1436 3333 1500 3380 non
1523 3314 1580 3379 in-

239 3401 346 3470 ierunt
377 3403 505 3489 bellum,
540 3405 595 3470 sed
628 3402 766 3469 functum
796 3405 901 3485 potius
922 3408 1146 3486 representant
1168 3403 1359 3486 macellum),
1383 3401 1506 3468 sicubi
1530 3403 1579 3468 de

242 3509 366 3558 summa
386 3508 492 3556 rerum
515 3491 627 3573 agitur,
650 3491 711 3556 nisi
733 3491 938 3557 tumultuaria
960 3491 1154 3573 promiscuae
1177 3489 1389 3556 multitudinis
1405 3487 1501 3554 turba
1517 3488 1580 3553 ha·

241 3577 326 3661 beat,
350 3594 442 3658 quem
464 3577 596 3644 bellicae
618 3575 811 3643 fortitudinis
832 3576 973 3644 imitetur
996 3579 1153 3645 aemulum
1166 3597 1267 3659 suum,
1283 3577 1419 3658 ipsamet
1435 3574 1579 3657 acepba·

240 3663 343 3730 iarum
368 3665 556 3730 locustarum
579 3665 689 3742 instar,
702 3669 739 3730 ut
759 3663 927 3746 plurimum
949 3663 1044 3731 offert
1065 3665 1178 3731 obnixo
1200 3665 1284 3730 hosti
1307 3663 1459 3746 iugulum,
1483 3662 1581 3728 iuxta

241 3750 321 3818 iilud
354 3748 512 3817 Chabriae
544 3751 628 3833 apud
660 3751 873 3826 Plutarchum,
905 3749 1132 3818 formidabilius
1165 3771 1238 3818 esse
1270 3767 1434 3817 cervorum
1458 3767 1580 3832 agmen

242 3837 340 3926 ductu
360 3836 472 3923 leonis,
503 3839 596 3920 quam
619 3839 744 3904 leonum
774 3856 867 3904 cervo
889 3839 978 3904 duca.
1001 3837 1074 3904 Non
1096 3856 1172 3922 ergo
1195 3837 1271 3904 solis
1294 3836 1497 3920 quantumvis
1522 3851 1580 3900 co·

243 3922 428 4025 piosissimis
459 3924 564 4008 armis,
595 3925 652 3990 sed
680 3925 849 3991 virtutibus
876 3926 981 4007 potius
1003 3926 1167 4006 exermis,
1191 3931 1258 3990 tum
1281 3923 1480 3992 defendenda
1504 3927 1581 3987 tum

243 4029 276 4076 nn
299 4010 462 4092 pristinam
484 4011 665 4083 libertatem
688 4012 872 4078 vindicanda
894 4013 955 4077 erit
977 4010 1146 4095 Hungaria.

287 4096 380 4176 Quod
410 4097 470 4164 nisi
498 4096 616 4164 iactum
646 4097 750 4171 fuerit,
780 4098 952 4164 verendum
975 4117 1013 4163 ex
1035 4104 1113 4182 tum,
1136 4098 1309 4164 verendum
1331 4096 1475 4178 profecto
1498 4096 1580 4181 erit,
1658 4157 1659 4176 ,

244 4203 285 4251 ne
315 4183 444 4250 tandem
475 4201 622 4267 cogamur
651 4184 773 4252 dicere:
808 4185 916 4251 nubila
940 4190 1014 4251 sunt
1035 4185 1150 4251 nostris
1172 4190 1318 4267 tempora
1338 4189 1449 4250 nostra
1470 4181 1580 4250 maiis.

245 4269 334 4339 Neve
356 4289 414 4353 pro
436 4289 474 4338 eo
502 4272 586 4353 quod
615 4270 709 4338 bodie
738 4290 796 4354 per
818 4272 870 4338 dei
892 4274 1026 4354 gretiam
1047 4272 1080 4337 in
1102 4277 1169 4338 toto
1190 4271 1283 4338 facile
1304 4276 1461 4338 terrarum
1495 4269 1582 4339 orbe

246 4357 435 4442 hungaricis
457 4375 534 4425 auro
557 4364 591 4425 et
612 4364 744 4442 argento
766 4361 944 4444 grademus‚
960 4357 1126 4425 indefensa
1141 4359 1269 4424 tandem
1284 4363 1317 4424 et
1331 4359 1459 4440 penitus
1474 4355 1585 4440 (quod

247 4445 327 4512 deus
356 4450 421 4528 opt.
451 4463 532 4510 max.
564 4446 702 4528 avertat)
730 4450 848 4512 amissa
876 4445 1041 4528 Hungaria
1071 4451 1199 4527 praeter
1221 4445 1358 4511 omnium
1382 4444 1585 4527 expectatio-

247 4549 331 4615 nem,
353 4531 528 4597 'l'urcarum
550 4537 583 4597 et
604 4531 747 4613 potentia
768 4533 931 4598 vincamur
953 4540 987 4598 et
1008 4533 1174 4614 tyrannide
1196 4531 1390 4615 frangamur.
1408 4531 1496 4610 Quod
1512 4533 1587 4594 uti-

248 4633 320 4680 nam
356 4623 442 4684 totus
477 4617 510 4682 in
548 4618 729 4684 universum
774 4619 962 4686 christianus
1006 4619 1159 4685 altissima
1194 4619 1256 4684 iam
1301 4619 1430 4685 tandem
1465 4623 1585 4685 mente

247 4701 404 4777 recoleret
425 4703 521 4785 orbis,
544 4709 578 4771 et
599 4703 632 4769 hi
653 4705 850 4786 potissimum
881 4705 942 4787 ipsi
972 4704 1119 4792 (quorum
1141 4705 1193 4773 vel
1214 4704 1347 4772 maxime
1370 4705 1510 4789 interest,
1533 4722 1588 4775 ne
