3354 5172
1373 295 1436 358 253

22 521 24 580 ;
100 493 274 574 anichilate,
298 497 332 560 et
353 491 458 575 quella
482 492 534 559 del
556 457 664 576 signos
686 492 791 560 Giulio
813 493 998 573 medesimo,
1021 493 1053 559 la
1075 491 1150 576 qual
1172 495 1200 560 si
1215 498 1337 562 ritrova
1352 500 1437 562 tutta

22 583 24 660 ᾖ
99 581 185 648 unita
213 597 327 661 presso
356 579 388 644 la
420 597 478 644 sua
505 597 649 663 persona,
681 579 722 645 da
751 597 815 646 una
838 579 907 645 sola
929 580 1069 660 squadra
1091 581 1124 644 in
1146 579 1229 647 fuori
1253 581 1286 647 (li
1309 585 1349 646 25
1375 583 1439 648 sol-

22 677 23 724 ῑ
100 668 169 746 dati,
201 667 261 731 che
291 664 326 730 fu
354 665 573 731 ultimamente
604 665 752 730 mandata
775 685 793 730 c
818 663 932 746 Spizna
952 683 1010 747 per
1032 665 1143 730 ordine
1167 665 1200 730 di
1221 671 1329 732 vostra
1352 685 1439 733 sere-

99 755 172 835 nita,
197 769 233 816 se
256 745 320 816 hen
343 751 473 817 doveria
495 769 584 816 esser
607 751 639 814 di
663 755 725 816 500
748 749 841 831 fanti,
866 752 1052 816 nondimeno
1075 752 1106 817 al
1129 751 1191 818 mio
1213 753 1440 834 partirlaseiai

22 877 24 896 ›
100 845 145 904 tra
167 836 237 904 sani
259 841 293 901 et
315 836 476 902 ammalati
499 837 530 901 al
553 855 683 902 numero
707 837 739 900 di
764 842 824 904 126
849 837 1042 917 solamente;
1072 852 1129 918 per
1151 837 1174 902 il
1199 839 1257 904 che
1280 838 1437 921 parendo·

22 941 24 1016 J
99 926 147 1003 mi,
170 923 230 989 che
252 923 275 987 il
306 923 426 988 donaro
456 924 496 987 de
525 923 557 986 la
587 921 726 988 serenith
744 928 852 988 vostra
874 921 961 988 fosse
983 923 1187 989 inutilmente·
1208 941 1313 1006 speso,
1335 925 1377 990 ho
1402 925 1437 989 li·

99 1011 235 1075 centiato
258 1013 276 1072 9
300 1008 447 1093 capitoni,
471 1013 504 1074 et
525 1008 652 1074 rimessi
674 1011 684 1072 i
706 1009 798 1090 pochi
827 1007 908 1074 fanti
929 1009 997 1076 loro
1020 1027 1061 1076 ne
1083 1010 1114 1076 le
1136 1009 1218 1076 altre
1241 1011 1438 1096 compagnie,

22 1117 24 1156 ÷
100 1097 154 1161 che
177 1111 256 1161 sono
278 1099 410 1179 restate,
434 1095 463 1159 si
485 1093 543 1159 che
564 1093 595 1160 al
617 1094 719 1175 partir
741 1097 805 1160 mio
827 1096 979 1162 rimasero
1001 1095 1035 1160 in
1058 1095 1164 1176 quella
1186 1095 1267 1161 cios
1282 1097 1316 1161 in
1332 1115 1439 1164 essere

23 1245 24 1264 ρ
98 1181 174 1246 fanti
197 1180 315 1246 00011
338 1179 422 1245 cirea
444 1197 608 1262 compress
632 1181 694 1246 due
717 1182 902 1264 compagnie
924 1181 982 1246 che
1005 1180 1056 1246 all‘
1081 1181 1158 1248 hora
1181 1182 1355 1250 arrivorno.

22 1277 24 1360 1
136 1267 209 1333 Non
243 1266 347 1346 voglio
380 1271 484 1332 restar
518 1267 549 1331 di
584 1267 633 1330 dir
655 1285 675 1331 a
697 1271 806 1333 vostra
839 1267 1001 1333 sublimitb
1022 1285 1079 1348 ρετ
1100 1266 1250 1334 benefitio
1273 1269 1305 1334 di
1329 1268 1437 1350 quella

23 1375 24 1402 i
98 1369 216 1434 ponera
246 1351 392 1430 fantaria,
423 1352 482 1417 che
512 1352 531 1416 l'
548 1352 658 1418 ordine
681 1358 790 1418 tenuto
813 1351 856 1416 fin
879 1353 958 1418 hora
980 1353 1011 1418 di
1035 1353 1178 1419 darona
1201 1373 1284 1438 paga
1307 1354 1339 1420 di
1362 1373 1434 1434 sou·

23 1467 24 1472 ¹
97 1441 309 1505 ventioneet
336 1447 402 1503 una
423 1456 444 1503 a
465 1439 497 1502 la
526 1438 628 1504 banca
656 1442 690 1504 et
711 1439 743 1504 la
774 1444 863 1504 terna
885 1439 990 1505 subito
1012 1439 1143 1504 arrivati
1166 1443 1184 1504 e
1206 1441 1239 1505 la
1260 1441 1372 1506 rovina
1394 1443 1435 1507 de

23 1585 24 1608 q
98 1524 222 1602 midaii,
252 1525 370 1605 perche
401 1524 537 1590 essendo
567 1524 598 1588 le
628 1524 690 1590 due
722 1530 905 1590 consumite
935 1525 1037 1606 prima
1059 1525 1117 1590 che
1140 1525 1322 1609 gionghinq
1346 1532 1379 1592 et
1402 1527 1434 1592 lc

97 1616 182 1677 torna
203 1611 346 1676 m'tcnuta
368 1609 422 1674 dal
444 1611 601 1692 capitanio
625 1629 683 1690 per
705 1612 735 1674 le
758 1612 846 1688 armi,
871 1616 997 1677 restano
1019 1611 1031 1674 i
1053 1611 1168 1678 soldati
1193 1612 1261 1677 sino
1277 1613 1309 1676 al
1324 1617 1433 1694 tempo

23 1757 24 1774 ,
98 1696 134 1761 de
155 1695 178 1761 l’
202 1697 285 1761 altra
305 1714 389 1778 paga
412 1715 508 1762 senza
529 1697 622 1762 modo
645 1698 676 1762 di
699 1697 896 1780 sostentarsi,
920 1697 1002 1761 onde
1024 1715 1161 1763 nascono
1184 1697 1215 1762 le
1231 1697 1383 1763 infirmita
1398 1703 1434 1766 et

96 1783 124 1848 le
146 1782 362 1848 anichilationi
392 1782 432 1847 de
461 1782 492 1848 le
522 1783 715 1864 compagnie.
746 1783 928 1856 llrimedio
952 1783 1036 1847 saria
1059 1801 1117 1864 per
1139 1782 1201 1849 mio
1225 1801 1349 1865 parere,
1373 1783 1433 1851 che

23 1875 24 1928 Τ
99 1868 128 1932 in
149 1869 245 1951 luogo
269 1869 310 1934 de
332 1868 364 1933 la
386 1869 591 1934 sovventlone
614 1869 645 1933 la
667 1869 806 1934 serenitb
827 1873 935 1934 vostra
951 1869 1088 1934 secondo
1104 1869 1124 1932 l‘
1141 1887 1199 1936 uso
1215 1869 1319 1936 antico
1336 1871 1430 1936 desse

97 1971 136 2020 un
156 1955 274 2020 ducato
297 1953 470 2020 solamente
492 1953 668 2037 pensante,
692 1959 726 2019 et
748 1972 767 2019 a
789 1955 821 2020 la
842 1955 945 2020 banca
969 1956 996 2019 si
1015 1955 1187 2021 ritrovasse
1210 1955 1433 2036 preparatione

98 2040 125 2104 d’
148 2039 318 2106 archibuso
342 2044 376 2105 et
394 2041 534 2104 morione
558 2059 616 2121 per
638 2041 785 2106 ciascuno
807 2039 905 2120 fante,
929 2040 987 2105 ohe
1010 2058 1073 2106 non
1107 2041 1137 2106 n’
1161 2041 1306 2126 necesse,
1330 2047 1364 2108 et
1386 2041 1432 2106 in-

97 2126 192 2192 sieme
214 2144 293 2192 aneo
315 2125 346 2192 d'
368 2144 412 2190 un
434 2125 635 2208 pagliariecio
658 2131 693 2190 ot
716 2125 745 2190 d’
770 2145 813 2191 un
835 2126 990 2210 gobbano,
1010 2127 1041 2191 le
1064 2127 1149 2207 quali
1173 2127 1273 2193 robbe
1294 2147 1358 2194 non
1381 2145 1434 2194 eo-

97 2215 236 2277 stariano
257 2217 342 2277 tutte
363 2211 496 2277 insieme
519 2217 638 2292 quanto
659 2211 688 2277 si
707 2210 741 2276 fc
763 2229 863 2296 pagnr
884 2212 907 2276 il
930 2213 1076 2294 capitano
1100 2213 1141 2278 da
1163 2213 1280 2279 soldati
1301 2214 1332 2280 le
1348 2215 1430 2278 armi

96 2299 278 2378 solamente,
303 2298 396 2364 dele
419 2297 505 2378 quali
526 2298 625 2364 robbe
647 2297 679 2363 la
702 2298 841 2364 serenita
863 2315 898 2364 sc
920 2297 951 2362 n’
975 2300 1110 2365 undasse
1134 2300 1357 2379 reintegrando
1382 2317 1426 2363 un

96 2389 182 2450 tamo
211 2402 271 2466 per
302 2401 394 2466 paga,
419 2401 507 2449 come
529 2383 561 2450 la
582 2382 615 2449 fc
645 2383 685 2448 de
708 2384 819 2449 danari
841 2383 909 2448 dati
930 2385 963 2449 in
986 2386 1190 2452 sovventione
1224 2384 1341 2464 perche
1365 2391 1433 2450 cosl

97 2467 118 2532 ε’
140 2469 273 2535 haveria
294 2470 317 2534 il
340 2471 463 2536 soldato
486 2475 617 2552 armato,
641 2471 766 2548 vestito,
790 2475 822 2536 et
845 2469 978 2536 insieme
1002 2487 1079 2536 aneo
1102 2471 1123 2534 li
1147 2470 1175 2535 si
1190 2436 1333 2536 harebbc
1357 2487 1432 2550 pre·

96 2560 203 2636 parato
228 2555 384 2622 comedite
405 2555 508 2637 peril
531 2555 676 2635 dormire,
701 2561 734 2622 et
756 2557 789 2620 in
812 2573 885 2621 caso
908 2557 1065 2622 dimonte
1089 2555 1141 2622 del
1163 2556 1296 2636 soldato,
1313 2555 1399 2637 pius
1420 2593 1432 2606 -

22 2697 24 2708 .
97 2642 240 2708 eilmente
260 2641 365 2722 potria
386 2641 418 2707 la
434 2641 574 2707 serenita
587 2646 697 2709 vostra
711 2643 875 2722 ricuperar
890 2641 913 2706 11
928 2661 986 2708 suo
1003 2641 1088 2708 dale
1104 2642 1184 2706 armi
1200 2641 1223 2706 li
1238 2647 1429 2723 restassero,

97 2728 151 2794 che
171 2745 235 2792 non
256 2727 290 2792 fa
312 2727 390 2793 hora
412 2729 464 2794 del
487 2729 614 2794 danaro.
631 2727 785 2794 Torneria
799 2745 878 2793 anco
900 2745 1014 2810 agran
1029 2729 1168 2808 comodo,
1186 2726 1244 2793 che
1260 2728 1284 2792 li
1300 2727 1427 2807 soldati

97 2815 150 2878 che
165 2814 194 2878 si
208 2812 303 2878 fanno
314 2831 354 2878 ne
365 2815 397 2879 la
408 2815 571 2896 Romagna
583 2818 616 2880 et
627 2833 667 2880 ne
678 2814 711 2879 la
722 2813 839 2891 Marco,
855 2831 1036 2894 persensero
1050 2815 1081 2879 di
1093 2815 1124 2879 lh
1135 2815 1168 2878 in
1179 2813 1349 2894 Delmatia,
1367 2831 1428 2879 ove

23 2901 24 2978 f
73 2899 267 2964 andariano
292 2915 351 2964 oon
373 2901 476 2964 minor
499 2919 594 2980 spese
616 2906 649 2966 et
671 2900 726 2982 piu
747 2899 864 2966 fresehi
887 2905 921 2966 et
943 2901 997 2980 pib
1019 2901 1077 2966 atti
1101 2901 1280 2978 aservirla,
1298 2899 1325 2966 si
1341 2915 1430 2965 come

22 4645 31 4834 l

97 2988 219 3051 estate
241 2984 322 3050 fatto
342 2985 375 3049 in
396 2992 487 3066 parte
511 2986 544 3050 di
566 2985 663 3068 quelli
685 3003 763 3052 sono
793 2986 902 3054 andati
924 2987 957 3050 in
980 2991 1110 3064 armata,
1134 2983 1268 3052 lacendo
1290 2984 1341 3053 far
1363 2986 1432 3050 loro

99 3069 126 3136 le
159 3073 286 3154 risegne
319 3071 351 3136 al
383 3074 516 3154 gionger
551 3073 591 3137 de
620 3071 644 3136 11
674 3073 776 3152 prima
798 3071 856 3136 che
878 3083 1090 3152 smontassero
1115 3071 1146 3137 di
1168 3073 1274 3156 barca,
1299 3089 1389 3136 come
1413 3074 1431 3135 e

98 3164 178 3222 stato
202 3162 368 3222 osservato
391 3175 469 3223 anco
493 3158 534 3222 da
556 3176 615 3224 me.
638 3158 683 3222 Et
705 3157 755 3222 chi
778 3163 903 3238 potesse
925 3158 1059 3223 insieme
1083 3173 1141 3224 oon
1163 3159 1196 3222 la
1217 3157 1356 3222 lactaria
1371 3156 1432 3222 ita·

96 3242 177 3308 liana
206 3243 307 3308 hever
336 3243 469 3324 qualche
500 3261 631 3308 numero
661 3244 691 3309 d’
715 3243 868 3310 Useoechi
899 3249 932 3309 et
954 3243 1156 3322 Marcellossi,
1178 3242 1309 3308 haveria
1332 3242 1432 3307 molto

96 3330 208 3412 meglio
231 3329 408 3410 proveduto
430 3329 461 3394 al
483 3329 624 3411 bisogno,
655 3329 771 3410 porche
795 3331 912 3395 sicome
934 3328 974 3410 gl’
997 3329 1124 3394 Italiani
1148 3346 1225 3394 sono
1248 3327 1432 3412 impatienti

97 3413 124 3478 d'
147 3415 221 3497 ogni
243 3415 477 3494 incommoditb,
502 3421 534 3480 et
556 3433 613 3496 per
635 3416 667 3480 la
691 3415 813 3497 qualite
835 3415 887 3481 del
906 3433 1006 3496 paese
1029 3413 1101 3480 mal'
1123 3413 1183 3478 atti
1205 3413 1432 3495 aguerregiar

97 3499 139 3565 co'
164 3500 291 3584 Turchi,
322 3505 389 3567 cosi
418 3501 532 3584 questi,
563 3503 742 3568 essercitati
765 3520 784 3566 a
806 3501 837 3566 le
860 3499 978 3566 fatiche
1000 3507 1034 3564 et
1056 3500 1167 3581 pratici
1191 3498 1242 3565 dei
1264 3497 1327 3582 siti,
1351 3498 1431 3564 ries·

97 3602 171 3652 cono
205 3585 354 3652 altissimi
376 3605 396 3651 a
418 3587 612 3653 eombattere
645 3605 681 3653 co
714 3586 734 3650 l'
756 3586 881 3652 inimico
916 3592 950 3650 et
983 3586 1154 3668 seguitarlo
1178 3590 1211 3648 et
1233 3583 1378 3662 ritirarsi‚
1405 3585 1432 3649 si

97 3689 182 3739 come
213 3678 305 3752 porta
327 3670 348 3736 l’
372 3673 546 3738 occasione.
578 3673 627 3738 Ne
647 3674 678 3738 io
700 3673 822 3738 manoai
845 3673 877 3738 di
899 3677 1005 3738 tentor
1027 3673 1057 3736 d’
1080 3672 1218 3736 haverne
1242 3668 1317 3748 quel
1340 3688 1430 3752 mag·

97 3757 162 3838 gior
185 3771 329 3842 numero,
353 3756 412 3823 che
433 3759 464 3824 io
487 3763 613 3840 potero,
644 3758 777 3824 lacendo
807 3758 967 3840 proclame
988 3757 1020 3822 di
1043 3756 1160 3822 liberer
1182 3754 1306 3822 banditi
1329 3763 1364 3821 et
1386 3756 1432 3820 al·

97 3849 142 3909 tre
164 3846 277 3926 gratie,
302 3843 330 3909 si
345 3861 433 3910 come
447 3846 490 3910 da
503 3845 535 3910 la
550 3845 688 3910 serenita
702 3847 811 3911 vostra
828 3844 872 3908 mi
889 3843 924 3908 fh
947 3843 1173 3926 commendato,
1197 3861 1249 3906 ma
1272 3842 1302 3906 di
1328 3842 1434 3922 questi

96 3928 122 3990 n’
144 3930 242 3996 hebbi
263 3928 460 4011 poohissimi;
484 3937 574 3996 etse
604 3931 666 3996 ben
696 3929 797 3995 tentai
820 3929 869 3996 col
891 3947 997 3994 menno
1021 3947 1098 3994 anco
1122 3929 1152 3994 di
1176 3926 1359 4010 monsignor
1384 3947 1432 3993 re-

97 4016 320 4081 verendissimo
343 4016 375 4080 di
397 4015 490 4081 Nona
513 4033 572 4082 con
595 4016 618 4080 li
640 4016 710 4097 capi
739 4016 771 4080 di
795 4014 908 4096 Segne,
931 4015 1077 4093 Bracari,
1101 4014 1280 4080 Ledeninza
1303 4019 1336 4080 et
1360 4012 1434 4077 altri

98 4100 204 4184 luoghi‘
233 4102 373 4168 haverne
396 4120 415 4166 a
438 4103 512 4184 quel
546 4102 684 4179 servitio,
709 4119 771 4166 non
791 4101 826 4166 fu
860 4101 923 4166 mai
951 4100 1114 4184 possibile,
1138 4105 1171 4166 et
1192 4100 1234 4166 ho
1257 4100 1359 4164 inteso
1383 4098 1432 4164 cib

98 4204 181 4254 esser
198 4194 367 4271 novenum,
391 4188 508 4268 perche
530 4187 565 4253 fn
588 4187 669 4254 latta
692 4189 723 4252 la
744 4187 957 4268 prohibitione
980 4187 1022 4254 da
1045 4187 1068 4251 li
1090 4186 1226 4252 ministri
1241 4185 1274 4252 ni
1289 4203 1348 4252 sna
1364 4203 1436 4250 mc·

98 4278 164 4339 osta
187 4292 205 4338 ε
228 4291 370 4340 cesarea.

136 4360 185 4425 La
206 4359 377 4426 cavalleria
400 4360 559 4425 ordinaria
581 4360 614 4424 di
637 4358 805 4426 Stradiotti
829 4367 862 4426 et
885 4359 1037 4437 Orovatti,
1062 4359 1121 4424 che
1144 4359 1274 4424 doveria
1297 4377 1385 4425 osser
1400 4361 1433 4426 in

98 4463 223 4512 numero
254 4449 327 4525 202,
352 4464 371 4510 a
393 4445 425 4510 la
447 4447 549 4528 prime
580 4447 717 4530 risegna,
750 4445 808 4510 che
838 4446 868 4512 io
891 4445 963 4528 feci,
988 4465 1007 4510 a
1030 4463 1114 4527 pona
1136 4445 1267 4510 ritrovai
1288 4445 1321 4509 lc
1346 4445 1434 4530 mita,

99 4539 128 4595 et
148 4533 252 4612 questi
276 4549 335 4613 ρετ
357 4532 389 4598 la
410 4536 543 4613 poverta
572 4532 606 4596 in
636 4537 702 4597 cosi
732 4533 824 4597 triste
847 4537 941 4609 stato,
966 4532 1024 4596 che
1049 4533 1079 4595 di
1103 4529 1286 4613 poohissimi
1309 4532 1353 4596 mi
1379 4551 1433 4612 po·

98 4620 166 4684 tero
196 4618 314 4700 servir3
336 4623 370 4684 et
390 4621 410 4683 e
432 4623 519 4686 stata
547 4621 634 4684 certo
665 4617 772 4701 giusta
794 4623 828 4683 et
850 4619 905 4700 pia
926 4618 959 4684 la
981 4616 1220 4700 deliberatione,
1244 4617 1303 4683 obe
1326 4618 1359 4682 la
1382 4637 1433 4684 se·
