3354 5172
85 563 180 632 leuel
201 583 339 648 persone
361 568 463 651 (mmo
483 574 573 636 tante
594 573 679 638 volte
700 570 742 637 ho
765 571 866 652 detto)
888 589 951 636 non
973 571 1156 636 conosciuta
1177 589 1218 635 ne
1241 570 1328 636 forse
1353 590 1410 636 no-

85 652 188 718 minata
216 655 324 720 evanti
346 673 365 720 ε
387 655 526 737 Spaleto.
557 655 597 721 Vi
619 657 664 722 lui
689 659 848 722 nominato
870 663 904 723 et
925 662 1085 739 proposto.
1109 657 1191 736 Quel
1213 658 1409 722 nondimeno

84 737 182 803 merito
203 740 266 803 mio
289 763 308 806 o
332 743 407 821 quel
431 744 513 808 vlrth
536 743 599 808 mie
621 764 642 808 e
664 743 714 810 voi
737 743 875 826 allegata
889 745 931 808 mi
946 744 1129 809 commendo
1145 748 1236 809 tanto
1252 760 1411 824 appresso

84 825 172 905 evol,
194 825 253 891 che
275 826 307 890 in
329 845 372 890 un
394 834 492 894 tretts
516 848 535 892 ε
558 847 608 893 me
631 829 764 894 absente
786 837 818 896 et
841 848 904 894 uon
925 831 1041 896 veduto
1063 829 1126 894 mei
1148 830 1342 906 impetrasse
1359 827 1409 891 ul-

85 907 153 984 fioio,
184 912 270 987 utile,
304 912 425 979 honore
458 915 499 979 de
534 915 607 979 voi?
630 914 669 979 Vi
691 913 726 979 lu
748 913 830 980 lette
850 917 956 980 huone
978 915 1131 981 relatione
1152 921 1185 982 et
1207 915 1248 980 de
1271 931 1410 995 persone

86 997 263 1077 deguissime
284 999 317 1064 di
339 997 422 1064 fede.
445 984 474 1064 d
499 1017 583 1084 vero,
606 1007 639 1065 et
661 1001 766 1082 percio
798 1001 936 1066 anchore
956 1001 1098 1084 bisogna,
1122 1001 1180 1066 che
1202 1002 1233 1068 io
1256 1019 1308 1064 me
1332 997 1412 1064 effe·

87 1081 153 1146 tichi
172 1083 234 1163 piu,
258 1084 405 1151 accioche
429 1105 469 1151 ne
491 1087 522 1152 1ο
545 1086 644 1154 hever
666 1087 837 1168 ingenueto
860 1087 941 1152 colle
963 1087 1119 1168 openione
1142 1087 1175 1151 di
1198 1104 1257 1164 me,
1282 1104 1323 1151 ne
1339 1084 1412 1164 que'

86 1168 144 1248 teli,
165 1170 222 1234 che
245 1170 425 1236 riferirteno
447 1173 539 1253 bene,
562 1172 662 1237 hever
685 1173 772 1238 detto
793 1172 901 1254 hugis,
925 1191 964 1237 ne
986 1174 1046 1258 voi,
1064 1172 1122 1238 che
1137 1172 1293 1248 credeste,
1309 1171 1411 1236 hever

87 1259 179 1320 ecreto
202 1256 319 1335 paiste.
343 1256 387 1320 Et
409 1275 444 1323 se
466 1257 590 1324 allhora
612 1263 646 1322 et
667 1259 776 1324 aventi
797 1276 859 1323 non
889 1257 971 1323 inssi
993 1265 1090 1340 stato,-
1113 1262 1131 1322 e
1153 1257 1333 1323 necessario
1357 1256 1415 1322 che

88 1339 113 1403 d'
135 1339 256 1407 ellhore
277 1342 318 1406 m’
341 1341 438 1410 hebbi
467 1345 509 1408 ed
543 1343 696 1411 isleraere
727 1343 756 1406 d'
780 1362 888 1409 essere
910 1344 986 1428 tale,
1011 1346 1105 1426 quele
1128 1343 1190 1410 essi
1211 1345 1254 1406 mi
1277 1342 1415 1422 riperta·

88 1444 164 1508 rono,
186 1429 235 1492 voi
259 1427 414 1495 credeste.
437 1428 493 1494 hle
513 1435 615 1510 posto,
636 1429 696 1494 che
718 1430 768 1496 voi
791 1429 923 1494 doveste
947 1431 1072 1510 prester
1093 1429 1176 1512 fede,
1200 1434 1234 1493 et
1255 1433 1414 1509 presteste

89 1517 279 1596 contenente,
303 1533 323 1578 ε
345 1514 452 1594 quelle
483 1533 617 1595 persone
648 1514 804 1598 (officiose
836 1524 869 1579 et
898 1516 1052 1581 benevole
1075 1517 1137 1580 mie
1159 1515 1214 1595 piu
1235 1512 1333 1597 tosto)
1356 1513 1415 1580 che

89 1597 115 1662 di
143 1599 270 1679 quelche
296 1601 478 1666 conosciute
510 1602 573 1666 mie
601 1602 685 1666 virtu
718 1601 854 1681 (eccetto
877 1601 909 1665 le
931 1603 1082 1682 integrite
1104 1607 1137 1668 et
1159 1603 1191 1665 le
1212 1599 1299 1682 fede)
1322 1599 1414 1664 testi·

89 1686 171 1768 noui,
193 1703 386 1751 menceveno
408 1687 515 1768 percio
538 1688 602 1752 elle
624 1694 731 1753 νοεῖτε
753 1686 905 1752 elettione
927 1688 1068 1753 huomini
1092 1688 1133 1752 de
1154 1687 1245 1764 bene,
1268 1684 1412 1764 virtuosi,

88 1771 243 1836 conoscinti
265 1771 350 1837 dalle
373 1774 513 1853 signorie
536 1781 642 1838 vostre
666 1774 791 1848 istesso,
814 1778 849 1838 et
870 1771 955 1838 forse
977 1775 1083 1838 eventi
1107 1773 1200 1838 alcun
1222 1771 1337 1836 merito
1354 1789 1414 1835 con

89 1856 205 1921 essell
226 1858 312 1938 queli
347 1857 475 1923 henien
504 1860 620 1924 havuto
650 1861 682 1924 di
712 1859 816 1942 gretie
846 1863 879 1924 et
900 1859 1027 1924 herrien
1051 1866 1192 1940 pregeto,
1217 1857 1359 1922 haveeno
1379 1863 1415 1920 et

89 1958 252 2023 pregavano
275 1949 389 2024 questo
412 1945 491 2010 utile
513 1946 682 2010 ethonore
698 1947 737 2010 da
754 1944 826 2010 voi?
849 1944 904 2010 Me
919 1965 977 2026 per
993 1945 1180 2010 concludere
1196 1943 1412 2020 brevemente,

90 2034 200 2094 creeste
229 2047 281 2094 me
313 2048 377 2095 non
399 2048 457 2110 per
479 2031 584 2096 meriti
607 2031 682 2095 miei
703 2049 755 2096 ma
777 2048 835 2112 per
857 2039 966 2097 νοεῖτε
988 2033 1099 2112 gretie,
1123 2048 1187 2095 non
1209 2047 1266 2110 per
1288 2029 1319 2092 le
1334 2029 1413 2110 mie,

89 2130 133 2176 me
152 2133 205 2194 per
226 2115 256 2180 le
279 2121 386 2180 vostre
409 2116 502 2194 virtu,
534 2117 602 2183 cioe
624 2135 682 2197 per
704 2118 736 2182 le
757 2122 865 2182 νοεῖτε
894 2118 1005 2183 1εοεῖε
1026 2116 1171 2194 cortesis,
1196 2114 1360 2179 hnmanitt
1381 2118 1416 2177 et

90 2197 189 2285 bonte;
212 2206 246 2266 et
267 2219 330 2267 non
353 2202 421 2266 solo
445 2210 579 2281 orceste,
601 2221 654 2267 me
676 2203 817 2285 elegeste
840 2209 874 2266 et
896 2207 1106 2285 enteponeste
1127 2220 1178 2266 me
1194 2201 1335 2278 absente,
1351 2217 1414 2263 non

90 2284 262 2369 ricercente,
285 2286 397 2369 ignaro
419 2307 439 2352 e
460 2288 611 2372 presenti,
634 2289 780 2369 preganti
802 2293 836 2353 ct
858 2307 917 2370 per
937 2289 1005 2355 loro
1028 2289 1122 2355 stessi
1144 2293 1178 2352 et
1199 2305 1257 2368 ρετ
1278 2285 1414 2350 ῖιοοοτε-

90 2369 189 2436 tissimi
209 2373 411 2438 intercessori
433 2378 466 2438 et
489 2374 553 2454 teli,
577 2373 635 2439 che
658 2393 693 2440 se
716 2375 747 2441 le
768 2391 914 2456 persone,
936 2393 995 2456 per
1016 2375 1047 2441 le
1069 2374 1143 2454 quel
1158 2371 1413 2452 intercedeveno,

91 2473 144 2520 non
164 2455 280 2524 iussino
304 2464 388 2524 stete
411 2459 442 2524 el
465 2463 549 2525 tutto
574 2460 687 2541 degne,
708 2479 767 2542 per
788 2460 819 2525 le
850 2461 936 2541 quob
960 2461 984 2526 ε’
1006 2461 1205 2541 inpetrasse,
1227 2458 1291 2524 essi
1313 2457 1412 2521 inter·

91 2543 192 2608 cessori
213 2563 356 2626 pareeno
380 2545 575 2627 deguissimi,
599 2547 610 2609 i
632 2547 718 2627 queli
740 2547 972 2626 impetressino.
989 2546 1081 2613 Onde
1097 2549 1291 2610 certamentc
1314 2561 1413 2623 quan·

92 2631 195 2710 tunque
225 2636 290 2696 cosl
319 2632 440 2712 grande
469 2637 502 2696 et
531 2638 596 2698 τεεί
617 2633 722 2713 empio
745 2632 793 2698 sie
813 2633 837 2696 il
858 2638 965 2698 νοεῖτο
988 2633 1103 2712 duono,
1126 2631 1184 2697 che
1207 2650 1257 2697 me
1278 2628 1413 2706 tereste,

93 2721 196 2791 quanto
218 2716 259 2783 ho
281 2717 336 2798 gie
358 2717 457 2792 detto,
482 2736 560 2798 pure
582 2718 627 2782 mi
649 2721 667 2782 d
690 2717 774 2784 essai
796 2719 851 2798 piu
872 2726 965 2801 grato
987 2718 1010 2783 il
1032 2719 1127 2782 modo
1149 2723 1184 2782 et
1204 2717 1227 2781 il
1242 2716 1352 2782 levore
1373 2716 1414 2780 de

91 2799 127 2878 gli
147 2801 237 2866 enimi
259 2804 360 2868 vostri
394 2803 469 2868 colli
491 2804 576 2884 quali
600 2805 642 2868 mi
665 2802 786 2870 inceste
808 2823 880 2870 εεεο
903 2806 1016 2871 duono.
1039 2803 1130 2870 Molti
1152 2802 1290 2868 huomini
1307 2801 1415 2866 eventi

92 2901 132 2948 me
152 2905 188 2967 pe
210 2889 221 2952 i
243 2889 343 2970 tempi
364 2888 480 2954 hevete
504 2891 602 2954 creati
617 2890 719 2956 vostri
734 2891 924 2974 caucellieri3
947 2910 999 2956 ma
1014 2909 1076 2956 non
1091 2890 1276 2970 ricercante,
1291 2890 1412 2970 ignaro,

92 2988 143 3034 non
163 2973 355 3058 conosciuto,
384 2974 432 3038 ch'
454 2975 485 3040 io
508 2976 612 3060 crede,
644 2994 781 3042 nessuno
805 2997 823 3042 ο
846 2977 1027 3059 pochissimi
1050 2995 1108 3057 per
1130 2982 1226 3042 certo.
1248 2975 1293 3039 Et
1314 2979 1414 3039 tutte-

93 3057 134 3120 ν1ε
153 3059 190 3123 ed
213 3078 287 3126 esso
319 3061 423 3126 duono
455 3067 489 3126 ct
510 3061 574 3126 elle
597 3062 764 3144 lerghezze
786 3063 826 3127 de
858 3063 902 3145 gli
924 3062 1019 3128 enimi
1042 3063 1143 3127 vostri
1165 3063 1217 3127 nel
1239 3062 1358 3127 donere
1381 3066 1414 3124 et

92 3141 144 3206 elle
163 3145 312 3223 meniere,
341 3147 401 3211 che
423 3147 454 3212 io
476 3148 615 3230 predico,
645 3148 759 3213 havete
793 3149 945 3230 eggiunte
967 3154 1058 3214 tenta
1079 3150 1215 3214 cortesis
1238 3155 1272 3212 et
1293 3164 1413 3211 emore-

92 3228 202 3295 volezze
221 3249 315 3296 verso
338 3232 372 3298 di
393 3251 453 3312 me,
478 3232 527 3297 ch'
549 3235 579 3299 1ο
602 3234 707 3314 voglio
731 3234 861 3300 credere
885 3253 992 3300 essere
1015 3235 1046 3298 el
1069 3239 1153 3298 tutto
1177 3234 1255 3309 solo,
1272 3231 1413 3311 alquale

93 3315 166 3380 toute
186 3319 218 3381 et
240 3317 305 3382 tale
328 3317 376 3382 sie
399 3323 484 3384 stete
506 3321 607 3398 usete,
632 3340 650 3385 ο
673 3325 867 3386 οετῖετττερῖε
897 3340 961 3386 non
982 3325 1093 3400 potere
1115 3319 1275 3402 maggiore
1299 3317 1412 3381 usersi.

92 3396 256 3480 lmperochb
280 3401 417 3468 hevend'
439 3405 471 3469 io
495 3407 620 3470 terdeto
645 3405 795 3470 evenire
818 3407 871 3470 un'
894 3425 977 3472 enno
1000 3409 1103 3471 intere
1120 3407 1196 3486 (non
1211 3423 1269 3485 per
1285 3403 1413 3467 volonth

92 3489 118 3547 et
135 3488 244 3565 perche
267 3488 323 3570 piu
345 3489 499 3570 giocondo
523 3491 566 3554 mi
587 3490 674 3556 fusse
697 3493 930 3558 intrattenermi
953 3494 986 3556 in
1002 3491 1154 3570 Autiveri,
1172 3509 1229 3572 per
1245 3507 1334 3554 esser
1349 3487 1413 3553 mia

92 3573 192 3656 patrie)
214 3573 273 3641 che
296 3574 475 3642 conferirmi
497 3595 518 3641 ε
539 3587 652 3658 queste
674 3577 919 3644 honoratissime
941 3579 1027 3656 citte,
1051 3578 1110 3642 che
1133 3577 1186 3642 voi
1210 3575 1265 3655 piu
1288 3573 1412 3640 deside·

92 3661 149 3722 rete
169 3659 289 3724 allhora
312 3667 344 3726 et
366 3661 446 3727 hore
468 3663 523 3742 piu
546 3680 619 3727 cera
642 3663 700 3730 che
722 3663 754 3728 le
775 3663 880 3744 petria
908 3664 1024 3730 istesso
1046 3664 1085 3728 m’
1109 3663 1224 3729 hevete
1246 3661 1338 3738 lette,
1363 3679 1413 3724 me

91 3756 138 3819 per
157 3745 270 3811 diversi
303 3745 531 3828 impedimenti,
556 3749 613 3813 che
637 3749 760 3815 ellhore
782 3750 814 3813 vi
836 3749 986 3827 notificei,
1009 3751 1059 3815 voi
1082 3768 1141 3816 con
1163 3767 1283 3815 somme
1303 3747 1412 3810 hume-

91 3827 145 3892 ute
175 3833 207 3897 et
239 3833 377 3898 cortesia
411 3835 441 3898 vi
476 3835 630 3915 degnaste
663 3836 857 3916 aspettarmi,
882 3836 1136 3902 desiderandomi
1165 3854 1226 3917 pur
1256 3840 1341 3900 tutte
1364 3832 1415 3899 ν1ε

91 3915 400 3991 grandissimemente.
435 3920 470 3985 Io
493 3927 687 4002 veramente,
711 3922 816 3986 eventi
845 3921 904 3986 che
927 3921 1021 3988 sentii
1044 3939 1152 3987 essere
1175 3926 1264 3986 tento
1288 3918 1413 3985 deside·

92 4003 148 4096 reto
170 4003 210 4068 de
229 4008 338 4069 vostre
371 4003 518 4088 signorie,
539 4013 573 4071 et
602 4007 655 4072 del
678 4007 833 4088 principio
856 4025 920 4072 non
942 4025 1021 4088 pure
1043 4007 1170 4074 volente
1191 4025 1250 4089 per
1272 4005 1335 4070 mio
1358 4004 1413 4069 de·

92 4081 215 4154 bilorna
241 4089 380 4155 anchora
408 4091 565 4157 desiderio
598 4111 656 4172 per
677 4097 784 4158 vostro
818 4093 932 4158 merito
955 4093 1077 4160 hevevo
1101 4093 1134 4159 di
1155 4093 1245 4158 venir
1267 4092 1319 4156 vie
1340 4108 1413 4173 pre·

93 4173 140 4236 sto.
171 4173 223 4239 Me
255 4176 454 4241 sentendomi
485 4195 544 4257 per
577 4184 684 4243 vostre
708 4179 824 4245 lettere
847 4179 922 4260 (Dio
945 4179 1137 4264 immortale)
1160 4179 1193 4245 di
1215 4184 1335 4260 quante
1356 4175 1414 4240 hu·

93 4258 193 4322 manith
214 4265 248 4324 et
270 4263 508 4328 emorevolezze
526 4263 704 4344 inspirate?
733 4270 767 4329 et
788 4283 846 4346 ρετ
874 4266 951 4330 tutti
974 4265 1121 4343 anchora,
1146 4265 1203 4330 che
1226 4266 1359 4330 venieno
1381 4262 1413 4326 in

94 4335 125 4418 ll,
154 4344 334 4412 desiderare
367 4353 465 4431 tanto,
490 4355 523 4414 et
545 4350 681 4416 tuttevie
714 4355 803 4416 tento
835 4355 1068 4417 cortesemente
1091 4355 1261 4431 espeltere,
1286 4349 1414 4413 merite·

95 4435 181 4494 mente
208 4449 267 4512 per
294 4439 381 4499 certo
412 4432 453 4499 ho
475 4453 547 4500 erse
571 4436 603 4500 dl
626 4436 784 4502 desiderio
808 4438 840 4502 di
860 4437 1023 4502 condurmi
1046 4437 1100 4516 piu
1123 4445 1230 4518 presto
1254 4435 1359 4517 quelle
1382 4439 1415 4500 et

95 4507 117 4574 le
135 4514 208 4581 altre
228 4519 316 4584 ¹volte
347 4519 532 4586 ricondurre
554 4540 574 4585 e
597 4527 712 4602 questa
734 4523 805 4587 luce
827 4522 911 4589 delle
935 4528 1040 4590 vostre
1063 4542 1082 4586 e
1104 4541 1156 4589 me
1177 4522 1311 4588 absente
1334 4521 1415 4586 desi-

96 4594 282 4699 deratissime,
305 4610 456 4686 presente
479 4606 730 4688 giocondissime,
764 4615 798 4675 et
820 4625 946 4689 sempre
969 4608 1213 4674 honoratissime
1235 4625 1417 4689 presenze3

95 4693 295 4758 monuments
318 4690 361 4754 mi
383 4710 440 4758 son
462 4699 575 4773 parete
597 4694 629 4761 le
651 4693 729 4761 hore
751 4694 864 4775 giomi,
887 4695 898 4759 i
920 4695 1022 4777 giorni
1044 4694 1134 4777 mesi,
1157 4694 1169 4759 i
1191 4695 1270 4761 mesi
1293 4693 1367 4760 enni
1382 4693 1415 4758 in
