<?xml version="1.0" encoding="UTF-8"?>
<!DOCTYPE html PUBLIC "-//W3C//DTD XHTML 1.0 Transitional//EN"
    "http://www.w3.org/TR/xhtml1/DTD/xhtml1-transitional.dtd">
<html xmlns="http://www.w3.org/1999/xhtml" xml:lang="en" lang="en">
 <head>
  <title>
</title>
<meta http-equiv="Content-Type" content="text/html;charset=utf-8" />
  <meta name='ocr-system' content='tesseract 3.04.00' />
  <meta name='ocr-capabilities' content='ocr_page ocr_carea ocr_par ocr_line ocrx_word'/>
</head>
<body>
  <div class='ocr_page' id='page_1' title='image "./monumentaspecta11unkngoog_0197.png"; bbox 0 0 3322 5174; ppageno 0'>
   <div class='ocr_carea' id='block_1_1' title="bbox 164 335 267 434">
    <p class='ocr_par' dir='ltr' id='par_1_1' title="bbox 164 335 267 434">
     <span class='ocr_line' id='line_1_1' title="bbox 164 335 267 434; baseline -0.019 -31"><span class='ocrx_word' id='word_1_1' title='bbox 164 427 167 434; x_wconf 27' lang='grc'><em>,</em></span> <span class='ocrx_word' id='word_1_2' title='bbox 206 335 267 403; x_wconf 87' lang='grc'>111</span> 
     </span>
    </p>
   </div>
   <div class='ocr_carea' id='block_1_2' title="bbox 205 543 1549 2972">
    <p class='ocr_par' dir='ltr' id='par_1_2' title="bbox 205 543 1541 874">
     <span class='ocr_line' id='line_1_2' title="bbox 205 543 1539 630; baseline 0 -15"><span class='ocrx_word' id='word_1_3' title='bbox 205 543 445 614; x_wconf 90' lang='lat' dir='ltr'>christianorum</span> <span class='ocrx_word' id='word_1_4' title='bbox 460 551 593 612; x_wconf 88' lang='lat' dir='ltr'>mortem</span> <span class='ocrx_word' id='word_1_5' title='bbox 608 546 711 627; x_wconf 91' lang='lat' dir='ltr'>potius</span> <span class='ocrx_word' id='word_1_6' title='bbox 734 566 827 628; x_wconf 92' lang='lat' dir='ltr'>quam</span> <span class='ocrx_word' id='word_1_7' title='bbox 842 547 937 612; x_wconf 87' lang='lat' dir='ltr'>vitam</span> <span class='ocrx_word' id='word_1_8' title='bbox 954 553 1166 625; x_wconf 78' lang='lat' dir='ltr'>contemnere,</span> <span class='ocrx_word' id='word_1_9' title='bbox 1194 546 1393 629; x_wconf 90' lang='lat' dir='ltr'>potissimum</span> <span class='ocrx_word' id='word_1_10' title='bbox 1408 552 1539 630; x_wconf 86' lang='lat' dir='ltr'>postea-</span> 
     </span>
     <span class='ocr_line' id='line_1_3' title="bbox 205 629 1540 718; baseline 0 -18"><span class='ocrx_word' id='word_1_11' title='bbox 205 652 299 718; x_wconf 91' lang='lat' dir='ltr'>quam</span> <span class='ocrx_word' id='word_1_12' title='bbox 321 629 509 698; x_wconf 84' lang='lat' dir='ltr'>christianus</span> <span class='ocrx_word' id='word_1_13' title='bbox 524 633 612 699; x_wconf 93' lang='lat' dir='ltr'>miles</span> <span class='ocrx_word' id='word_1_14' title='bbox 635 640 668 700; x_wconf 92' lang='lat' dir='ltr'>et</span> <span class='ocrx_word' id='word_1_15' title='bbox 690 633 790 701; x_wconf 88' lang='lat' dir='ltr'>victor</span> <span class='ocrx_word' id='word_1_16' title='bbox 804 653 862 716; x_wconf 91' lang='lat' dir='ltr'>pro</span> <span class='ocrx_word' id='word_1_17' title='bbox 884 634 1001 700; x_wconf 89' lang='lat' dir='ltr'>christo</span> <span class='ocrx_word' id='word_1_18' title='bbox 1024 640 1057 700; x_wconf 91' lang='lat' dir='ltr'>et</span> <span class='ocrx_word' id='word_1_19' title='bbox 1078 634 1180 715; x_wconf 80' lang='lat' dir='ltr'>victus</span> <span class='ocrx_word' id='word_1_20' title='bbox 1195 653 1266 700; x_wconf 86' lang='lat' dir='ltr'>eum</span> <span class='ocrx_word' id='word_1_21' title='bbox 1289 635 1409 700; x_wconf 90' lang='lat' dir='ltr'>christo</span> <span class='ocrx_word' id='word_1_22' title='bbox 1424 636 1540 700; x_wconf 90' lang='lat' dir='ltr'>trium·</span> 
     </span>
     <span class='ocr_line' id='line_1_4' title="bbox 205 719 1541 804; baseline 0.001 -17"><span class='ocrx_word' id='word_1_23' title='bbox 205 722 297 804; x_wconf 82' lang='lat' dir='ltr'>phet3</span> <span class='ocrx_word' id='word_1_24' title='bbox 320 719 404 784; x_wconf 90' lang='lat' dir='ltr'>unde</span> <span class='ocrx_word' id='word_1_25' title='bbox 426 724 543 800; x_wconf 90' lang='lat' dir='ltr'>quanto</span> <span class='ocrx_word' id='word_1_26' title='bbox 559 719 657 802; x_wconf 83' lang='lat' dir='ltr'>magis</span> <span class='ocrx_word' id='word_1_27' title='bbox 673 721 836 803; x_wconf 85' lang='lat' dir='ltr'>magisque</span> <span class='ocrx_word' id='word_1_28' title='bbox 853 721 976 802; x_wconf 82' lang='lat' dir='ltr'>patriae</span> <span class='ocrx_word' id='word_1_29' title='bbox 992 739 1069 787; x_wconf 89' lang='lat' dir='ltr'>suae</span> <span class='ocrx_word' id='word_1_30' title='bbox 1084 721 1301 802; x_wconf 75' lang='lat' dir='ltr'>consulebant,</span> <span class='ocrx_word' id='word_1_31' title='bbox 1325 722 1541 789; x_wconf 88' lang='lat' dir='ltr'>tantominus</span> 
     </span>
     <span class='ocr_line' id='line_1_5' title="bbox 205 806 914 874; baseline 0 0"><span class='ocrx_word' id='word_1_32' title='bbox 205 806 351 874; x_wconf 89' lang='lat' dir='ltr'>iamiam</span> <span class='ocrx_word' id='word_1_33' title='bbox 373 806 543 872; x_wconf 82' lang='lat' dir='ltr'>instantem</span> <span class='ocrx_word' id='word_1_34' title='bbox 565 812 697 872; x_wconf 90' lang='lat' dir='ltr'>mortem</span> <span class='ocrx_word' id='word_1_35' title='bbox 721 809 914 874; x_wconf 85' lang='lat' dir='ltr'>metuebant.</span> 
     </span>
    </p>

    <p class='ocr_par' dir='ltr' id='par_1_3' title="bbox 205 891 1549 1585">
     <span class='ocr_line' id='line_1_6' title="bbox 249 891 1542 976; baseline 0.003 -18"><span class='ocrx_word' id='word_1_36' title='bbox 249 891 332 973; x_wconf 83' lang='lat' dir='ltr'>Quid</span> <span class='ocrx_word' id='word_1_37' title='bbox 354 897 460 958; x_wconf 91' lang='lat' dir='ltr'>eutem</span> <span class='ocrx_word' id='word_1_38' title='bbox 482 892 651 959; x_wconf 84' lang='lat' dir='ltr'>dixerimus</span> <span class='ocrx_word' id='word_1_39' title='bbox 673 912 730 975; x_wconf 88' lang='lat' dir='ltr'>pro</span> <span class='ocrx_word' id='word_1_40' title='bbox 752 893 973 976; x_wconf 88' lang='lat' dir='ltr'>Hungerorum</span> <span class='ocrx_word' id='word_1_41' title='bbox 996 913 1036 962; x_wconf 90' lang='lat' dir='ltr'>ne</span> <span class='ocrx_word' id='word_1_42' title='bbox 1059 894 1164 976; x_wconf 90' lang='lat' dir='ltr'>potius</span> <span class='ocrx_word' id='word_1_43' title='bbox 1186 894 1393 962; x_wconf 84' lang='lat' dir='ltr'>necessitate:</span> <span class='ocrx_word' id='word_1_44' title='bbox 1416 913 1456 961; x_wconf 91' lang='lat' dir='ltr'>an</span> <span class='ocrx_word' id='word_1_45' title='bbox 1477 913 1542 976; x_wconf 95' lang='lat' dir='ltr'>pro</span> 
     </span>
     <span class='ocr_line' id='line_1_7' title="bbox 205 979 1543 1067; baseline 0.001 -21"><span class='ocrx_word' id='word_1_46' title='bbox 205 985 379 1048; x_wconf 83' lang='lat' dir='ltr'>nostramet</span> <span class='ocrx_word' id='word_1_47' title='bbox 400 979 527 1060; x_wconf 89' lang='lat' dir='ltr'>proprie</span> <span class='ocrx_word' id='word_1_48' title='bbox 541 980 769 1067; x_wconf 87' lang='lat' dir='ltr'>tranquilitate,</span> <span class='ocrx_word' id='word_1_49' title='bbox 792 982 888 1048; x_wconf 92' lang='lat' dir='ltr'>rebus</span> <span class='ocrx_word' id='word_1_50' title='bbox 912 982 957 1047; x_wconf 91' lang='lat' dir='ltr'>ite</span> <span class='ocrx_word' id='word_1_51' title='bbox 979 981 1145 1061; x_wconf 89' lang='lat' dir='ltr'>stantibus,</span> <span class='ocrx_word' id='word_1_52' title='bbox 1169 987 1203 1048; x_wconf 89' lang='lat' dir='ltr'>et</span> <span class='ocrx_word' id='word_1_53' title='bbox 1223 999 1312 1046; x_wconf 90' lang='lat' dir='ltr'>erma</span> <span class='ocrx_word' id='word_1_54' title='bbox 1334 982 1487 1050; x_wconf 86' lang='lat' dir='ltr'>sumenda</span> <span class='ocrx_word' id='word_1_55' title='bbox 1505 988 1543 1048; x_wconf 89' lang='lat' dir='ltr'>et</span> 
     </span>
     <span class='ocr_line' id='line_1_8' title="bbox 205 1065 1543 1150; baseline 0 -16"><span class='ocrx_word' id='word_1_56' title='bbox 205 1065 371 1150; x_wconf 87' lang='lat' dir='ltr'>Hungarie</span> <span class='ocrx_word' id='word_1_57' title='bbox 391 1065 424 1130; x_wconf 95' lang='lat' dir='ltr'>in</span> <span class='ocrx_word' id='word_1_58' title='bbox 445 1066 607 1146; x_wconf 87' lang='lat' dir='ltr'>pristinem</span> <span class='ocrx_word' id='word_1_59' title='bbox 626 1066 808 1134; x_wconf 91' lang='lat' dir='ltr'>libertatem</span> <span class='ocrx_word' id='word_1_60' title='bbox 831 1068 921 1134; x_wconf 91' lang='lat' dir='ltr'>nobis</span> <span class='ocrx_word' id='word_1_61' title='bbox 944 1067 1096 1134; x_wconf 89' lang='lat' dir='ltr'>incumbit</span> <span class='ocrx_word' id='word_1_62' title='bbox 1111 1067 1318 1134; x_wconf 88' lang='lat' dir='ltr'>vindicanda:</span> <span class='ocrx_word' id='word_1_63' title='bbox 1342 1069 1400 1135; x_wconf 92' lang='lat' dir='ltr'>sed</span> <span class='ocrx_word' id='word_1_64' title='bbox 1422 1087 1543 1134; x_wconf 85' lang='lat' dir='ltr'>revera</span> 
     </span>
     <span class='ocr_line' id='line_1_9' title="bbox 206 1154 1549 1238; baseline -0.003 -18"><span class='ocrx_word' id='word_1_65' title='bbox 206 1173 269 1222; x_wconf 93' lang='lat' dir='ltr'>non</span> <span class='ocrx_word' id='word_1_66' title='bbox 292 1154 395 1218; x_wconf 91' lang='lat' dir='ltr'>minus</span> <span class='ocrx_word' id='word_1_67' title='bbox 417 1171 474 1233; x_wconf 90' lang='lat' dir='ltr'>pro</span> <span class='ocrx_word' id='word_1_68' title='bbox 497 1158 605 1218; x_wconf 87' lang='lat' dir='ltr'>nostre</span> <span class='ocrx_word' id='word_1_69' title='bbox 629 1155 755 1236; x_wconf 79' lang='lat' dir='ltr'>propria</span> <span class='ocrx_word' id='word_1_70' title='bbox 777 1156 808 1218; x_wconf 94' lang='lat' dir='ltr'>in</span> <span class='ocrx_word' id='word_1_71' title='bbox 832 1173 954 1220; x_wconf 91' lang='lat' dir='ltr'>summe</span> <span class='ocrx_word' id='word_1_72' title='bbox 973 1173 1173 1238; x_wconf 85' lang='lat' dir='ltr'>summarum,</span> <span class='ocrx_word' id='word_1_73' title='bbox 1195 1161 1263 1221; x_wconf 91' lang='lat' dir='ltr'>tum</span> <span class='ocrx_word' id='word_1_74' title='bbox 1286 1173 1373 1236; x_wconf 84' lang='lat' dir='ltr'>pace,</span> <span class='ocrx_word' id='word_1_75' title='bbox 1396 1160 1464 1221; x_wconf 89' lang='lat' dir='ltr'>tum</span> <span class='ocrx_word' id='word_1_76' title='bbox 1486 1173 1549 1221; x_wconf 62' lang='lat' dir='ltr'>se,</span> 
     </span>
     <span class='ocr_line' id='line_1_10' title="bbox 206 1240 1542 1324; baseline -0.001 -16"><span class='ocrx_word' id='word_1_77' title='bbox 206 1242 352 1320; x_wconf 82' lang='lat' dir='ltr'>caritate,</span> <span class='ocrx_word' id='word_1_78' title='bbox 375 1257 469 1320; x_wconf 88' lang='lat' dir='ltr'>quem</span> <span class='ocrx_word' id='word_1_79' title='bbox 492 1240 543 1306; x_wconf 89' lang='lat' dir='ltr'>vel</span> <span class='ocrx_word' id='word_1_80' title='bbox 565 1259 623 1321; x_wconf 88' lang='lat' dir='ltr'>pro</span> <span class='ocrx_word' id='word_1_81' title='bbox 645 1240 785 1324; x_wconf 90' lang='lat' dir='ltr'>ipsorum</span> <span class='ocrx_word' id='word_1_82' title='bbox 806 1247 961 1323; x_wconf 87' lang='lat' dir='ltr'>perpetue</span> <span class='ocrx_word' id='word_1_83' title='bbox 982 1242 1129 1308; x_wconf 87' lang='lat' dir='ltr'>libertate</span> <span class='ocrx_word' id='word_1_84' title='bbox 1152 1242 1411 1319; x_wconf 87' lang='lat' dir='ltr'>contendendum,</span> <span class='ocrx_word' id='word_1_85' title='bbox 1438 1243 1542 1323; x_wconf 76' lang='lat' dir='ltr'>potis</span> 
     </span>
     <span class='ocr_line' id='line_1_11' title="bbox 207 1327 1542 1411; baseline 0.001 -17"><span class='ocrx_word' id='word_1_86' title='bbox 207 1329 329 1403; x_wconf 89' lang='lat' dir='ltr'>simum,</span> <span class='ocrx_word' id='word_1_87' title='bbox 354 1332 560 1408; x_wconf 90' lang='lat' dir='ltr'>posteaquem</span> <span class='ocrx_word' id='word_1_88' title='bbox 576 1329 616 1392; x_wconf 83' lang='lat' dir='ltr'>ab</span> <span class='ocrx_word' id='word_1_89' title='bbox 638 1327 693 1394; x_wconf 94' lang='lat' dir='ltr'>illa</span> <span class='ocrx_word' id='word_1_90' title='bbox 714 1335 748 1393; x_wconf 89' lang='lat' dir='ltr'>et</span> <span class='ocrx_word' id='word_1_91' title='bbox 769 1329 905 1411; x_wconf 86' lang='lat' dir='ltr'>deserta,</span> <span class='ocrx_word' id='word_1_92' title='bbox 930 1329 995 1393; x_wconf 92' lang='lat' dir='ltr'>suis</span> <span class='ocrx_word' id='word_1_93' title='bbox 1010 1331 1173 1394; x_wconf 89' lang='lat' dir='ltr'>occasione</span> <span class='ocrx_word' id='word_1_94' title='bbox 1195 1335 1228 1394; x_wconf 90' lang='lat' dir='ltr'>et</span> <span class='ocrx_word' id='word_1_95' title='bbox 1242 1335 1395 1410; x_wconf 86' lang='lat' dir='ltr'>tempore,</span> <span class='ocrx_word' id='word_1_96' title='bbox 1419 1347 1542 1410; x_wconf 88' lang='lat' dir='ltr'>magne</span> 
     </span>
     <span class='ocr_line' id='line_1_12' title="bbox 207 1413 1541 1498; baseline -0.001 -16"><span class='ocrx_word' id='word_1_97' title='bbox 207 1413 348 1498; x_wconf 84' lang='lat' dir='ltr'>pericula</span> <span class='ocrx_word' id='word_1_98' title='bbox 370 1413 489 1492; x_wconf 84' lang='lat' dir='ltr'>timere,</span> <span class='ocrx_word' id='word_1_99' title='bbox 513 1419 547 1478; x_wconf 90' lang='lat' dir='ltr'>et</span> <span class='ocrx_word' id='word_1_100' title='bbox 569 1433 589 1479; x_wconf 90' lang='lat' dir='ltr'>e</span> <span class='ocrx_word' id='word_1_101' title='bbox 611 1413 743 1481; x_wconf 88' lang='lat' dir='ltr'>defensa</span> <span class='ocrx_word' id='word_1_102' title='bbox 763 1434 819 1497; x_wconf 90' lang='lat' dir='ltr'>pro</span> <span class='ocrx_word' id='word_1_103' title='bbox 842 1415 939 1481; x_wconf 88' lang='lat' dir='ltr'>totius</span> <span class='ocrx_word' id='word_1_104' title='bbox 954 1416 1103 1496; x_wconf 86' lang='lat' dir='ltr'>Europae</span> <span class='ocrx_word' id='word_1_105' title='bbox 1125 1414 1233 1480; x_wconf 90' lang='lat' dir='ltr'>hostili</span> <span class='ocrx_word' id='word_1_106' title='bbox 1255 1414 1459 1481; x_wconf 83' lang='lat' dir='ltr'>infestatione</span> <span class='ocrx_word' id='word_1_107' title='bbox 1482 1435 1541 1482; x_wconf 81' lang='lat' dir='ltr'>re-</span> 
     </span>
     <span class='ocr_line' id='line_1_13' title="bbox 206 1499 1144 1585; baseline -0.001 -18"><span class='ocrx_word' id='word_1_108' title='bbox 206 1500 379 1584; x_wconf 80' lang='lat' dir='ltr'>purganda,</span> <span class='ocrx_word' id='word_1_109' title='bbox 403 1505 633 1580; x_wconf 85' lang='lat' dir='ltr'>praesentanee</span> <span class='ocrx_word' id='word_1_110' title='bbox 656 1519 784 1582; x_wconf 89' lang='lat' dir='ltr'>sperare</span> <span class='ocrx_word' id='word_1_111' title='bbox 805 1503 958 1568; x_wconf 91' lang='lat' dir='ltr'>debemus</span> <span class='ocrx_word' id='word_1_112' title='bbox 982 1499 1144 1585; x_wconf 85' lang='lat' dir='ltr'>suffragia.</span> 
     </span>
    </p>

    <p class='ocr_par' dir='ltr' id='par_1_4' title="bbox 207 1585 1549 2972">
     <span class='ocr_line' id='line_1_14' title="bbox 249 1585 1543 1670; baseline 0.002 -17"><span class='ocrx_word' id='word_1_113' title='bbox 249 1587 298 1653; x_wconf 89' lang='lat' dir='ltr'>Ne</span> <span class='ocrx_word' id='word_1_114' title='bbox 321 1591 427 1652; x_wconf 87' lang='lat' dir='ltr'>eutem</span> <span class='ocrx_word' id='word_1_115' title='bbox 449 1586 483 1651; x_wconf 90' lang='lat' dir='ltr'>in</span> <span class='ocrx_word' id='word_1_116' title='bbox 505 1605 539 1652; x_wconf 90' lang='lat' dir='ltr'>re</span> <span class='ocrx_word' id='word_1_117' title='bbox 562 1605 625 1652; x_wconf 92' lang='lat' dir='ltr'>non</span> <span class='ocrx_word' id='word_1_118' title='bbox 642 1588 754 1654; x_wconf 85' lang='lat' dir='ltr'>saltem</span> <span class='ocrx_word' id='word_1_119' title='bbox 769 1589 864 1670; x_wconf 90' lang='lat' dir='ltr'>plana</span> <span class='ocrx_word' id='word_1_120' title='bbox 886 1607 923 1655; x_wconf 92' lang='lat' dir='ltr'>ec</span> <span class='ocrx_word' id='word_1_121' title='bbox 945 1587 1120 1666; x_wconf 84' lang='lat' dir='ltr'>manifeste,</span> <span class='ocrx_word' id='word_1_122' title='bbox 1142 1607 1250 1654; x_wconf 89' lang='lat' dir='ltr'>verum</span> <span class='ocrx_word' id='word_1_123' title='bbox 1275 1585 1370 1654; x_wconf 88' lang='lat' dir='ltr'>etiam</span> <span class='ocrx_word' id='word_1_124' title='bbox 1385 1588 1543 1670; x_wconf 80' lang='lat' dir='ltr'>prolixius</span> 
     </span>
     <span class='ocr_line' id='line_1_15' title="bbox 207 1672 1542 1754; baseline 0.001 -15"><span class='ocrx_word' id='word_1_125' title='bbox 207 1673 338 1740; x_wconf 85' lang='lat' dir='ltr'>infinitis</span> <span class='ocrx_word' id='word_1_126' title='bbox 361 1672 423 1738; x_wconf 89' lang='lat' dir='ltr'>iam</span> <span class='ocrx_word' id='word_1_127' title='bbox 445 1674 574 1739; x_wconf 90' lang='lat' dir='ltr'>tandem</span> <span class='ocrx_word' id='word_1_128' title='bbox 597 1673 786 1740; x_wconf 89' lang='lat' dir='ltr'>christianae</span> <span class='ocrx_word' id='word_1_129' title='bbox 807 1675 1007 1741; x_wconf 88' lang='lat' dir='ltr'>monarchiae</span> <span class='ocrx_word' id='word_1_130' title='bbox 1029 1675 1170 1742; x_wconf 89' lang='lat' dir='ltr'>cladibus</span> <span class='ocrx_word' id='word_1_131' title='bbox 1193 1679 1390 1754; x_wconf 88' lang='lat' dir='ltr'>contestata,</span> <span class='ocrx_word' id='word_1_132' title='bbox 1418 1674 1542 1742; x_wconf 87' lang='lat' dir='ltr'>diutius</span> 
     </span>
     <span class='ocr_line' id='line_1_16' title="bbox 207 1757 1544 1846; baseline 0.001 -20"><span class='ocrx_word' id='word_1_133' title='bbox 207 1759 365 1826; x_wconf 89' lang='lat' dir='ltr'>immorari</span> <span class='ocrx_word' id='word_1_134' title='bbox 388 1757 507 1837; x_wconf 84' lang='lat' dir='ltr'>uidear,</span> <span class='ocrx_word' id='word_1_135' title='bbox 540 1779 619 1826; x_wconf 84' lang='lat' dir='ltr'>neve</span> <span class='ocrx_word' id='word_1_136' title='bbox 648 1759 790 1826; x_wconf 88' lang='lat' dir='ltr'>historiis</span> <span class='ocrx_word' id='word_1_137' title='bbox 812 1763 917 1843; x_wconf 89' lang='lat' dir='ltr'>potius</span> <span class='ocrx_word' id='word_1_138' title='bbox 943 1762 1125 1843; x_wconf 90' lang='lat' dir='ltr'>inhaerere,</span> <span class='ocrx_word' id='word_1_139' title='bbox 1156 1779 1251 1842; x_wconf 92' lang='lat' dir='ltr'>quem</span> <span class='ocrx_word' id='word_1_140' title='bbox 1280 1762 1353 1846; x_wconf 87' lang='lat' dir='ltr'>tuis,</span> <span class='ocrx_word' id='word_1_141' title='bbox 1384 1762 1544 1828; x_wconf 87' lang='lat' dir='ltr'>vicebene</span> 
     </span>
     <span class='ocr_line' id='line_1_17' title="bbox 208 1845 1542 1930; baseline 0.002 -17"><span class='ocrx_word' id='word_1_142' title='bbox 208 1845 379 1913; x_wconf 89' lang='lat' dir='ltr'>clarissime</span> <span class='ocrx_word' id='word_1_143' title='bbox 402 1846 619 1928; x_wconf 87' lang='lat' dir='ltr'>avunculeque</span> <span class='ocrx_word' id='word_1_144' title='bbox 642 1847 877 1926; x_wconf 88' lang='lat' dir='ltr'>colendissime,</span> <span class='ocrx_word' id='word_1_145' title='bbox 908 1849 1142 1914; x_wconf 90' lang='lat' dir='ltr'>humanissimis</span> <span class='ocrx_word' id='word_1_146' title='bbox 1168 1867 1226 1930; x_wconf 88' lang='lat' dir='ltr'>pro</span> <span class='ocrx_word' id='word_1_147' title='bbox 1248 1849 1308 1912; x_wconf 90' lang='lat' dir='ltr'>hec</span> <span class='ocrx_word' id='word_1_148' title='bbox 1329 1849 1397 1916; x_wconf 85' lang='lat' dir='ltr'>rice</span> <span class='ocrx_word' id='word_1_149' title='bbox 1420 1848 1462 1914; x_wconf 87' lang='lat' dir='ltr'>ed</span> <span class='ocrx_word' id='word_1_150' title='bbox 1485 1867 1542 1916; x_wconf 93' lang='lat' dir='ltr'>me</span> 
     </span>
     <span class='ocr_line' id='line_1_18' title="bbox 208 1933 1542 2018; baseline 0.001 -18"><span class='ocrx_word' id='word_1_151' title='bbox 208 1935 291 2000; x_wconf 90' lang='lat' dir='ltr'>detis</span> <span class='ocrx_word' id='word_1_152' title='bbox 314 1933 506 2014; x_wconf 90' lang='lat' dir='ltr'>respondere</span> <span class='ocrx_word' id='word_1_153' title='bbox 529 1933 615 1999; x_wconf 82' lang='lat' dir='ltr'>dicer</span> <span class='ocrx_word' id='word_1_154' title='bbox 636 1933 753 2012; x_wconf 88' lang='lat' dir='ltr'>literis,</span> <span class='ocrx_word' id='word_1_155' title='bbox 783 1935 969 2000; x_wconf 88' lang='lat' dir='ltr'>tantundem</span> <span class='ocrx_word' id='word_1_156' title='bbox 1003 1935 1035 2000; x_wconf 92' lang='lat' dir='ltr'>in</span> <span class='ocrx_word' id='word_1_157' title='bbox 1057 1937 1308 2018; x_wconf 86' lang='lat' dir='ltr'>praesentiarum</span> <span class='ocrx_word' id='word_1_158' title='bbox 1330 1935 1389 2000; x_wconf 88' lang='lat' dir='ltr'>tibi</span> <span class='ocrx_word' id='word_1_159' title='bbox 1419 1934 1470 2001; x_wconf 91' lang='lat' dir='ltr'>vel</span> <span class='ocrx_word' id='word_1_160' title='bbox 1495 1936 1542 2001; x_wconf 93' lang='lat' dir='ltr'>oh</span> 
     </span>
     <span class='ocr_line' id='line_1_19' title="bbox 207 2019 1539 2104; baseline 0.002 -19"><span class='ocrx_word' id='word_1_161' title='bbox 207 2022 241 2087; x_wconf 93' lang='lat' dir='ltr'>id</span> <span class='ocrx_word' id='word_1_162' title='bbox 262 2019 458 2102; x_wconf 88' lang='lat' dir='ltr'>potissimum</span> <span class='ocrx_word' id='word_1_163' title='bbox 479 2020 713 2088; x_wconf 89' lang='lat' dir='ltr'>rescribendum</span> <span class='ocrx_word' id='word_1_164' title='bbox 736 2021 826 2094; x_wconf 81' lang='lat' dir='ltr'>duri,</span> <span class='ocrx_word' id='word_1_165' title='bbox 860 2028 896 2087; x_wconf 91' lang='lat' dir='ltr'>ut</span> <span class='ocrx_word' id='word_1_166' title='bbox 917 2026 1123 2104; x_wconf 89' lang='lat' dir='ltr'>posteaquem</span> <span class='ocrx_word' id='word_1_167' title='bbox 1145 2041 1216 2088; x_wconf 90' lang='lat' dir='ltr'>eam</span> <span class='ocrx_word' id='word_1_168' title='bbox 1238 2022 1271 2086; x_wconf 88' lang='lat' dir='ltr'>in</span> <span class='ocrx_word' id='word_1_169' title='bbox 1295 2021 1439 2104; x_wconf 87' lang='lat' dir='ltr'>pertibus</span> <span class='ocrx_word' id='word_1_170' title='bbox 1461 2022 1539 2088; x_wconf 89' lang='lat' dir='ltr'>istis</span> 
     </span>
     <span class='ocr_line' id='line_1_20' title="bbox 208 2105 1541 2191; baseline 0 -17"><span class='ocrx_word' id='word_1_171' title='bbox 208 2108 365 2174; x_wconf 84' lang='lat' dir='ltr'>sustineas</span> <span class='ocrx_word' id='word_1_172' title='bbox 386 2105 595 2188; x_wconf 81' lang='lat' dir='ltr'>prouinciam,</span> <span class='ocrx_word' id='word_1_173' title='bbox 628 2107 660 2172; x_wconf 93' lang='lat' dir='ltr'>in</span> <span class='ocrx_word' id='word_1_174' title='bbox 683 2125 746 2190; x_wconf 91' lang='lat' dir='ltr'>que</span> <span class='ocrx_word' id='word_1_175' title='bbox 777 2107 911 2174; x_wconf 89' lang='lat' dir='ltr'>subinde</span> <span class='ocrx_word' id='word_1_176' title='bbox 941 2110 1042 2191; x_wconf 89' lang='lat' dir='ltr'>magis</span> <span class='ocrx_word' id='word_1_177' title='bbox 1063 2109 1227 2191; x_wconf 86' lang='lat' dir='ltr'>magisque</span> <span class='ocrx_word' id='word_1_178' title='bbox 1249 2108 1448 2174; x_wconf 88' lang='lat' dir='ltr'>heroicarum</span> <span class='ocrx_word' id='word_1_179' title='bbox 1469 2108 1541 2174; x_wconf 87' lang='lat' dir='ltr'>vir-</span> 
     </span>
     <span class='ocr_line' id='line_1_21' title="bbox 208 2190 1544 2273; baseline 0.001 -15"><span class='ocrx_word' id='word_1_180' title='bbox 208 2203 311 2259; x_wconf 88' lang='lat' dir='ltr'>tutum</span> <span class='ocrx_word' id='word_1_181' title='bbox 334 2201 459 2258; x_wconf 91' lang='lat' dir='ltr'>tuerum</span> <span class='ocrx_word' id='word_1_182' title='bbox 480 2190 602 2273; x_wconf 83' lang='lat' dir='ltr'>ciliciis,</span> <span class='ocrx_word' id='word_1_183' title='bbox 632 2212 692 2258; x_wconf 91' lang='lat' dir='ltr'>non</span> <span class='ocrx_word' id='word_1_184' title='bbox 717 2195 820 2259; x_wconf 92' lang='lat' dir='ltr'>solum</span> <span class='ocrx_word' id='word_1_185' title='bbox 843 2196 998 2260; x_wconf 89' lang='lat' dir='ltr'>croaticos</span> <span class='ocrx_word' id='word_1_186' title='bbox 1021 2195 1072 2260; x_wconf 91' lang='lat' dir='ltr'>vel</span> <span class='ocrx_word' id='word_1_187' title='bbox 1095 2195 1298 2270; x_wconf 84' lang='lat' dir='ltr'>sclavonicos,</span> <span class='ocrx_word' id='word_1_188' title='bbox 1323 2195 1379 2260; x_wconf 91' lang='lat' dir='ltr'>sed</span> <span class='ocrx_word' id='word_1_189' title='bbox 1402 2193 1544 2260; x_wconf 87' lang='grc'><strong>11111111-</strong></span> 
     </span>
     <span class='ocr_line' id='line_1_22' title="bbox 208 2279 1542 2366; baseline 0.001 -20"><span class='ocrx_word' id='word_1_190' title='bbox 208 2282 330 2366; x_wconf 85' lang='lat' dir='ltr'>garicos</span> <span class='ocrx_word' id='word_1_191' title='bbox 352 2288 386 2344; x_wconf 90' lang='lat' dir='ltr'>et</span> <span class='ocrx_word' id='word_1_192' title='bbox 407 2279 581 2360; x_wconf 89' lang='lat' dir='ltr'>pannonios</span> <span class='ocrx_word' id='word_1_193' title='bbox 612 2297 760 2362; x_wconf 89' lang='lat' dir='ltr'>proceres</span> <span class='ocrx_word' id='word_1_194' title='bbox 782 2287 849 2346; x_wconf 90' lang='lat' dir='ltr'>tum</span> <span class='ocrx_word' id='word_1_195' title='bbox 882 2281 1040 2348; x_wconf 83' lang='lat' dir='ltr'>devincies</span> <span class='ocrx_word' id='word_1_196' title='bbox 1074 2288 1142 2347; x_wconf 91' lang='lat' dir='ltr'>tum</span> <span class='ocrx_word' id='word_1_197' title='bbox 1162 2281 1346 2363; x_wconf 85' lang='lat' dir='ltr'>quotidiana</span> <span class='ocrx_word' id='word_1_198' title='bbox 1368 2289 1542 2347; x_wconf 52' lang='lat' dir='ltr'>consuetu*</span> 
     </span>
     <span class='ocr_line' id='line_1_23' title="bbox 208 2365 1546 2450; baseline 0.001 -17"><span class='ocrx_word' id='word_1_199' title='bbox 208 2368 282 2433; x_wconf 91' lang='lat' dir='ltr'>dine</span> <span class='ocrx_word' id='word_1_200' title='bbox 306 2365 558 2432; x_wconf 84' lang='grc'><strong>1111111111111111</strong></span> <span class='ocrx_word' id='word_1_201' title='bbox 581 2368 693 2434; x_wconf 88' lang='lat' dir='ltr'>redere</span> <span class='ocrx_word' id='word_1_202' title='bbox 727 2373 866 2448; x_wconf 84' lang='lat' dir='ltr'>satagas.</span> <span class='ocrx_word' id='word_1_203' title='bbox 897 2367 961 2448; x_wconf 82' lang='lat' dir='ltr'>Qui</span> <span class='ocrx_word' id='word_1_204' title='bbox 982 2369 1111 2448; x_wconf 91' lang='lat' dir='ltr'>utinam,</span> <span class='ocrx_word' id='word_1_205' title='bbox 1135 2374 1171 2433; x_wconf 91' lang='lat' dir='ltr'>ut</span> <span class='ocrx_word' id='word_1_206' title='bbox 1194 2368 1321 2435; x_wconf 89' lang='lat' dir='ltr'>sibimet</span> <span class='ocrx_word' id='word_1_207' title='bbox 1342 2387 1436 2450; x_wconf 90' lang='lat' dir='ltr'>porro</span> <span class='ocrx_word' id='word_1_208' title='bbox 1457 2373 1546 2435; x_wconf 88' lang='lat' dir='ltr'>stre·</span> 
     </span>
     <span class='ocr_line' id='line_1_24' title="bbox 209 2453 1544 2538; baseline 0.001 -20"><span class='ocrx_word' id='word_1_209' title='bbox 209 2473 272 2520; x_wconf 90' lang='lat' dir='ltr'>nue</span> <span class='ocrx_word' id='word_1_210' title='bbox 295 2457 487 2536; x_wconf 89' lang='lat' dir='ltr'>constarent,</span> <span class='ocrx_word' id='word_1_211' title='bbox 515 2459 549 2519; x_wconf 90' lang='lat' dir='ltr'>et</span> <span class='ocrx_word' id='word_1_212' title='bbox 570 2454 702 2520; x_wconf 89' lang='lat' dir='ltr'>eliorum</span> <span class='ocrx_word' id='word_1_213' title='bbox 726 2455 878 2521; x_wconf 85' lang='lat' dir='ltr'>salutarie</span> <span class='ocrx_word' id='word_1_214' title='bbox 910 2453 1061 2538; x_wconf 86' lang='lat' dir='ltr'>suffragia</span> <span class='ocrx_word' id='word_1_215' title='bbox 1082 2473 1144 2520; x_wconf 94' lang='lat' dir='ltr'>non</span> <span class='ocrx_word' id='word_1_216' title='bbox 1167 2455 1375 2537; x_wconf 84' lang='lat' dir='ltr'>negligerent,</span> <span class='ocrx_word' id='word_1_217' title='bbox 1407 2454 1544 2538; x_wconf 88' lang='lat' dir='ltr'>utinam,</span> 
     </span>
     <span class='ocr_line' id='line_1_25' title="bbox 207 2539 1548 2624; baseline 0 -18"><span class='ocrx_word' id='word_1_218' title='bbox 207 2541 345 2624; x_wconf 91' lang='lat' dir='ltr'>inquam,</span> <span class='ocrx_word' id='word_1_219' title='bbox 369 2545 403 2604; x_wconf 87' lang='lat' dir='ltr'>et</span> <span class='ocrx_word' id='word_1_220' title='bbox 424 2557 496 2606; x_wconf 89' lang='lat' dir='ltr'>sese</span> <span class='ocrx_word' id='word_1_221' title='bbox 518 2540 635 2606; x_wconf 90' lang='lat' dir='ltr'>mutuis</span> <span class='ocrx_word' id='word_1_222' title='bbox 657 2540 794 2606; x_wconf 88' lang='lat' dir='ltr'>consiliis</span> <span class='ocrx_word' id='word_1_223' title='bbox 816 2539 952 2610; x_wconf 90' lang='lat' dir='ltr'>fideliter</span> <span class='ocrx_word' id='word_1_224' title='bbox 974 2542 1170 2620; x_wconf 87' lang='lat' dir='ltr'>adiuvarent,</span> <span class='ocrx_word' id='word_1_225' title='bbox 1193 2547 1227 2607; x_wconf 91' lang='lat' dir='ltr'>et</span> <span class='ocrx_word' id='word_1_226' title='bbox 1249 2542 1422 2608; x_wconf 92' lang='lat' dir='ltr'>secuudum</span> <span class='ocrx_word' id='word_1_227' title='bbox 1444 2541 1548 2607; x_wconf 89' lang='lat' dir='ltr'>deum</span> 
     </span>
     <span class='ocr_line' id='line_1_26' title="bbox 209 2625 1548 2711; baseline 0.001 -18"><span class='ocrx_word' id='word_1_228' title='bbox 209 2629 267 2693; x_wconf 89' lang='lat' dir='ltr'>sub</span> <span class='ocrx_word' id='word_1_229' title='bbox 299 2625 494 2708; x_wconf 89' lang='lat' dir='ltr'>protectione</span> <span class='ocrx_word' id='word_1_230' title='bbox 528 2644 591 2693; x_wconf 87' lang='lat' dir='ltr'>sec.</span> <span class='ocrx_word' id='word_1_231' title='bbox 626 2645 701 2692; x_wconf 93' lang='lat' dir='ltr'>rom.</span> <span class='ocrx_word' id='word_1_232' title='bbox 738 2645 819 2694; x_wconf 89' lang='lat' dir='ltr'>caes.</span> <span class='ocrx_word' id='word_1_233' title='bbox 853 2629 925 2694; x_wconf 92' lang='lat' dir='ltr'>mai.</span> <span class='ocrx_word' id='word_1_234' title='bbox 960 2629 1066 2711; x_wconf 91' lang='lat' dir='ltr'>inclyti</span> <span class='ocrx_word' id='word_1_235' title='bbox 1100 2627 1183 2709; x_wconf 88' lang='lat' dir='ltr'>regis</span> <span class='ocrx_word' id='word_1_236' title='bbox 1206 2625 1401 2710; x_wconf 90' lang='lat' dir='ltr'>Hungariee,</span> <span class='ocrx_word' id='word_1_237' title='bbox 1436 2628 1548 2709; x_wconf 88' lang='lat' dir='ltr'>patris</span> 
     </span>
     <span class='ocr_line' id='line_1_27' title="bbox 209 2711 1549 2796; baseline -0.001 -17"><span class='ocrx_word' id='word_1_238' title='bbox 209 2714 340 2796; x_wconf 88' lang='lat' dir='ltr'>patriae,</span> <span class='ocrx_word' id='word_1_239' title='bbox 364 2711 482 2778; x_wconf 92' lang='lat' dir='ltr'>domini</span> <span class='ocrx_word' id='word_1_240' title='bbox 504 2713 605 2779; x_wconf 86' lang='lat' dir='ltr'>nostri</span> <span class='ocrx_word' id='word_1_241' title='bbox 620 2714 853 2779; x_wconf 89' lang='lat' dir='ltr'>clementissimi</span> <span class='ocrx_word' id='word_1_242' title='bbox 876 2714 1047 2787; x_wconf 84' lang='lat' dir='ltr'>constituti,</span> <span class='ocrx_word' id='word_1_243' title='bbox 1072 2715 1112 2780; x_wconf 90' lang='lat' dir='ltr'>ab</span> <span class='ocrx_word' id='word_1_244' title='bbox 1127 2713 1321 2781; x_wconf 82' lang='lat' dir='ltr'>invictissimi</span> <span class='ocrx_word' id='word_1_245' title='bbox 1339 2717 1458 2781; x_wconf 88' lang='lat' dir='ltr'>romani</span> <span class='ocrx_word' id='word_1_246' title='bbox 1481 2714 1549 2779; x_wconf 92' lang='lat' dir='ltr'>im-</span> 
     </span>
     <span class='ocr_line' id='line_1_28' title="bbox 210 2798 1549 2884; baseline 0.001 -17"><span class='ocrx_word' id='word_1_247' title='bbox 210 2799 290 2882; x_wconf 88' lang='lat' dir='ltr'>perii</span> <span class='ocrx_word' id='word_1_248' title='bbox 311 2798 502 2882; x_wconf 86' lang='lat' dir='ltr'>proceribus,</span> <span class='ocrx_word' id='word_1_249' title='bbox 527 2799 699 2866; x_wconf 90' lang='lat' dir='ltr'>christiana</span> <span class='ocrx_word' id='word_1_250' title='bbox 719 2801 834 2865; x_wconf 84' lang='lat' dir='ltr'>auxilie</span> <span class='ocrx_word' id='word_1_251' title='bbox 855 2802 957 2883; x_wconf 91' lang='lat' dir='ltr'>primo</span> <span class='ocrx_word' id='word_1_252' title='bbox 985 2819 1109 2884; x_wconf 91' lang='lat' dir='ltr'>quoque</span> <span class='ocrx_word' id='word_1_253' title='bbox 1132 2807 1275 2884; x_wconf 90' lang='lat' dir='ltr'>tempore</span> <span class='ocrx_word' id='word_1_254' title='bbox 1298 2807 1387 2868; x_wconf 91' lang='lat' dir='ltr'>tento</span> <span class='ocrx_word' id='word_1_255' title='bbox 1403 2801 1549 2868; x_wconf 85' lang='lat' dir='ltr'>alacrius</span> 
     </span>
     <span class='ocr_line' id='line_1_29' title="bbox 209 2885 1548 2972; baseline 0.001 -19"><span class='ocrx_word' id='word_1_256' title='bbox 209 2887 423 2968; x_wconf 84' lang='lat' dir='ltr'>implorarent,</span> <span class='ocrx_word' id='word_1_257' title='bbox 446 2895 563 2968; x_wconf 89' lang='lat' dir='ltr'>quanto</span> <span class='ocrx_word' id='word_1_258' title='bbox 587 2893 621 2953; x_wconf 89' lang='lat' dir='ltr'>et</span> <span class='ocrx_word' id='word_1_259' title='bbox 642 2887 705 2952; x_wconf 92' lang='lat' dir='ltr'>illis</span> <span class='ocrx_word' id='word_1_260' title='bbox 724 2885 841 2972; x_wconf 85' lang='lat' dir='ltr'>utilius,</span> <span class='ocrx_word' id='word_1_261' title='bbox 866 2888 894 2954; x_wconf 92' lang='lat' dir='ltr'>si</span> <span class='ocrx_word' id='word_1_262' title='bbox 916 2895 1005 2955; x_wconf 87' lang='lat' dir='ltr'>tento</span> <span class='ocrx_word' id='word_1_263' title='bbox 1020 2889 1195 2970; x_wconf 88' lang='lat' dir='ltr'>patrocinio</span> <span class='ocrx_word' id='word_1_264' title='bbox 1211 2889 1331 2972; x_wconf 88' lang='lat' dir='ltr'>iugiter</span> <span class='ocrx_word' id='word_1_265' title='bbox 1351 2888 1548 2971; x_wconf 84' lang='lat' dir='ltr'>gauderent,</span> 
     </span>
    </p>
   </div>
   <div class='ocr_carea' id='block_1_3' title="bbox 210 2972 1660 3058">
    <p class='ocr_par' dir='ltr' id='par_1_5' title="bbox 210 2972 1660 3058">
     <span class='ocr_line' id='line_1_30' title="bbox 210 2972 1660 3058; baseline 0.001 -17"><span class='ocrx_word' id='word_1_266' title='bbox 210 2981 244 3041; x_wconf 90' lang='lat' dir='ltr'>et</span> <span class='ocrx_word' id='word_1_267' title='bbox 262 2975 301 3040; x_wconf 94' lang='lat' dir='ltr'>iis</span> <span class='ocrx_word' id='word_1_268' title='bbox 323 2972 401 3058; x_wconf 90' lang='lat' dir='ltr'>ipsis</span> <span class='ocrx_word' id='word_1_269' title='bbox 432 2973 604 3050; x_wconf 88' lang='lat' dir='ltr'>honestius,</span> <span class='ocrx_word' id='word_1_270' title='bbox 640 2973 810 3056; x_wconf 91' lang='lat' dir='ltr'>quinimmo</span> <span class='ocrx_word' id='word_1_271' title='bbox 837 2976 896 3042; x_wconf 90' lang='lat' dir='ltr'>deo</span> <span class='ocrx_word' id='word_1_272' title='bbox 928 2982 993 3058; x_wconf 91' lang='lat' dir='ltr'>opt.</span> <span class='ocrx_word' id='word_1_273' title='bbox 1017 2993 1097 3041; x_wconf 88' lang='lat' dir='ltr'>mex.</span> <span class='ocrx_word' id='word_1_274' title='bbox 1122 2977 1245 3056; x_wconf 90' lang='lat' dir='ltr'>gratius</span> <span class='ocrx_word' id='word_1_275' title='bbox 1278 2975 1372 3055; x_wconf 83' lang='lat' dir='ltr'>foret,</span> <span class='ocrx_word' id='word_1_276' title='bbox 1407 2977 1432 3041; x_wconf 89' lang='lat' dir='ltr'>si</span> <span class='ocrx_word' id='word_1_277' title='bbox 1455 2974 1551 3043; x_wconf 87' lang='lat' dir='ltr'>hunc</span> <span class='ocrx_word' id='word_1_278' title='bbox 1659 3013 1660 3020; x_wconf 44' lang='lat'>1</span> 
     </span>
    </p>
   </div>
   <div class='ocr_carea' id='block_1_4' title="bbox 209 3062 1550 3143">
    <p class='ocr_par' dir='ltr' id='par_1_6' title="bbox 209 3062 1550 3143">
     <span class='ocr_line' id='line_1_31' title="bbox 209 3062 1550 3143; baseline 0.001 -15"><span class='ocrx_word' id='word_1_279' title='bbox 209 3063 306 3129; x_wconf 87' lang='lat' dir='ltr'>telem</span> <span class='ocrx_word' id='word_1_280' title='bbox 339 3066 459 3130; x_wconf 89' lang='lat' dir='ltr'>ettam</span> <span class='ocrx_word' id='word_1_281' title='bbox 483 3066 620 3127; x_wconf 87' lang='lat' dir='ltr'>atrocem</span> <span class='ocrx_word' id='word_1_282' title='bbox 656 3063 849 3128; x_wconf 90' lang='lat' dir='ltr'>sacrosancti</span> <span class='ocrx_word' id='word_1_283' title='bbox 882 3062 1043 3129; x_wconf 88' lang='lat' dir='ltr'>christiani</span> <span class='ocrx_word' id='word_1_284' title='bbox 1080 3063 1213 3129; x_wconf 89' lang='lat' dir='ltr'>nominis</span> <span class='ocrx_word' id='word_1_285' title='bbox 1246 3063 1379 3143; x_wconf 88' lang='lat' dir='ltr'>hostem,</span> <span class='ocrx_word' id='word_1_286' title='bbox 1413 3063 1454 3129; x_wconf 93' lang='lat' dir='ltr'>de</span> <span class='ocrx_word' id='word_1_287' title='bbox 1477 3079 1550 3143; x_wconf 92' lang='lat' dir='ltr'>quo</span> 
     </span>
    </p>
   </div>
   <div class='ocr_carea' id='block_1_5' title="bbox 209 3145 1660 3322">
    <p class='ocr_par' dir='ltr' id='par_1_7' title="bbox 209 3145 1660 3322">
     <span class='ocr_line' id='line_1_32' title="bbox 210 3145 1660 3232; baseline 0.001 -16"><span class='ocrx_word' id='word_1_288' title='bbox 210 3148 460 3231; x_wconf 85' lang='lat' dir='ltr'>supradiximus</span> <span class='ocrx_word' id='word_1_289' title='bbox 483 3149 634 3230; x_wconf 86' lang='lat' dir='ltr'>Turcem,</span> <span class='ocrx_word' id='word_1_290' title='bbox 669 3169 687 3217; x_wconf 95' lang='lat' dir='ltr'>e</span> <span class='ocrx_word' id='word_1_291' title='bbox 710 3149 812 3214; x_wconf 93' lang='lat' dir='ltr'>medio</span> <span class='ocrx_word' id='word_1_292' title='bbox 835 3151 885 3215; x_wconf 90' lang='lat' dir='ltr'>sui</span> <span class='ocrx_word' id='word_1_293' title='bbox 908 3150 1068 3216; x_wconf 85' lang='lat' dir='ltr'>elicerent.</span> <span class='ocrx_word' id='word_1_294' title='bbox 1101 3151 1191 3230; x_wconf 86' lang='lat' dir='ltr'>Quod</span> <span class='ocrx_word' id='word_1_295' title='bbox 1224 3170 1264 3217; x_wconf 84' lang='lat' dir='ltr'>ex</span> <span class='ocrx_word' id='word_1_296' title='bbox 1292 3157 1426 3232; x_wconf 88' lang='lat' dir='ltr'>utreque</span> <span class='ocrx_word' id='word_1_297' title='bbox 1448 3156 1551 3231; x_wconf 89' lang='lat' dir='ltr'>perte</span> <span class='ocrx_word' id='word_1_298' title='bbox 1659 3145 1660 3148; x_wconf 63' lang='grc'>’</span> 
     </span>
     <span class='ocr_line' id='line_1_33' title="bbox 209 3235 1660 3322; baseline 0.001 -19"><span class='ocrx_word' id='word_1_299' title='bbox 209 3243 274 3303; x_wconf 91' lang='lat' dir='ltr'>tem</span> <span class='ocrx_word' id='word_1_300' title='bbox 297 3235 346 3304; x_wconf 88' lang='lat' dir='ltr'>his</span> <span class='ocrx_word' id='word_1_301' title='bbox 379 3255 471 3319; x_wconf 90' lang='lat' dir='ltr'>quem</span> <span class='ocrx_word' id='word_1_302' title='bbox 501 3236 564 3304; x_wconf 94' lang='lat' dir='ltr'>illis</span> <span class='ocrx_word' id='word_1_303' title='bbox 593 3237 700 3322; x_wconf 89' lang='lat' dir='ltr'>largiri</span> <span class='ocrx_word' id='word_1_304' title='bbox 733 3237 879 3320; x_wconf 82' lang='lat' dir='ltr'>dignetur</span> <span class='ocrx_word' id='word_1_305' title='bbox 910 3238 964 3303; x_wconf 91' lang='lat' dir='ltr'>ille</span> <span class='ocrx_word' id='word_1_306' title='bbox 996 3241 1072 3319; x_wconf 90' lang='lat' dir='ltr'>ipse,</span> <span class='ocrx_word' id='word_1_307' title='bbox 1103 3239 1135 3302; x_wconf 91' lang='lat' dir='ltr'>in</span> <span class='ocrx_word' id='word_1_308' title='bbox 1170 3239 1258 3304; x_wconf 87' lang='lat' dir='ltr'>cuius</span> <span class='ocrx_word' id='word_1_309' title='bbox 1281 3242 1442 3320; x_wconf 86' lang='lat' dir='ltr'>potestate</span> <span class='ocrx_word' id='word_1_310' title='bbox 1464 3245 1550 3304; x_wconf 90' lang='lat' dir='ltr'>sunt</span> <span class='ocrx_word' id='word_1_311' title='bbox 1659 3287 1660 3290; x_wconf 62' lang='lat'>,</span> 
     </span>
    </p>
   </div>
   <div class='ocr_carea' id='block_1_6' title="bbox 211 3323 1551 3566">
    <p class='ocr_par' dir='ltr' id='par_1_8' title="bbox 211 3323 1551 3566">
     <span class='ocr_line' id='line_1_34' title="bbox 211 3323 1551 3408; baseline -0.001 -16"><span class='ocrx_word' id='word_1_312' title='bbox 211 3343 320 3392; x_wconf 91' lang='lat' dir='ltr'>omnes</span> <span class='ocrx_word' id='word_1_313' title='bbox 341 3325 491 3392; x_wconf 87' lang='lat' dir='ltr'>victoriae</span> <span class='ocrx_word' id='word_1_314' title='bbox 514 3331 547 3390; x_wconf 88' lang='lat' dir='ltr'>et</span> <span class='ocrx_word' id='word_1_315' title='bbox 569 3327 671 3391; x_wconf 92' lang='lat' dir='ltr'>omnia</span> <span class='ocrx_word' id='word_1_316' title='bbox 693 3325 763 3390; x_wconf 91' lang='lat' dir='ltr'>inre</span> <span class='ocrx_word' id='word_1_317' title='bbox 784 3344 960 3408; x_wconf 90' lang='lat' dir='ltr'>regnorum,</span> <span class='ocrx_word' id='word_1_318' title='bbox 984 3325 1085 3390; x_wconf 86' lang='grc'><strong>111111</strong></span> <span class='ocrx_word' id='word_1_319' title='bbox 1108 3325 1140 3390; x_wconf 91' lang='lat' dir='ltr'>in</span> <span class='ocrx_word' id='word_1_320' title='bbox 1162 3326 1314 3407; x_wconf 89' lang='lat' dir='ltr'>personis,</span> <span class='ocrx_word' id='word_1_321' title='bbox 1336 3342 1419 3390; x_wconf 91' lang='lat' dir='ltr'>unus</span> <span class='ocrx_word' id='word_1_322' title='bbox 1441 3323 1551 3390; x_wconf 89' lang='lat' dir='ltr'>idem-</span> 
     </span>
     <span class='ocr_line' id='line_1_35' title="bbox 211 3409 1546 3566; baseline -0.004 -85"><span class='ocrx_word' id='word_1_323' title='bbox 211 3412 497 3566; x_wconf 45' lang='grc' dir='ltr'>ῧιιθοοθξὴοεῗέιὲῗ,</span> <span class='ocrx_word' id='word_1_324' title='bbox 519 3419 611 3494; x_wconf 91' lang='lat' dir='ltr'>peter</span> <span class='ocrx_word' id='word_1_325' title='bbox 633 3419 667 3478; x_wconf 90' lang='lat' dir='ltr'>et</span> <span class='ocrx_word' id='word_1_326' title='bbox 688 3411 772 3478; x_wconf 90' lang='lat' dir='ltr'>filius</span> <span class='ocrx_word' id='word_1_327' title='bbox 794 3421 827 3478; x_wconf 90' lang='lat' dir='ltr'>et</span> <span class='ocrx_word' id='word_1_328' title='bbox 850 3412 979 3495; x_wconf 86' lang='lat' dir='ltr'>spiritus</span> <span class='ocrx_word' id='word_1_329' title='bbox 1003 3417 1140 3479; x_wconf 88' lang='lat' dir='ltr'>sanctus.</span> <span class='ocrx_word' id='word_1_330' title='bbox 1164 3413 1203 3477; x_wconf 92' lang='lat' dir='ltr'>D.</span> <span class='ocrx_word' id='word_1_331' title='bbox 1219 3411 1432 3478; x_wconf 85' lang='lat' dir='ltr'>Wratisluiee.</span> <span class='ocrx_word' id='word_1_332' title='bbox 1455 3409 1546 3478; x_wconf 89' lang='lat' dir='ltr'>Non.</span> 
     </span>
    </p>
   </div>
   <div class='ocr_carea' id='block_1_7' title="bbox 241 3653 1510 3882">
    <p class='ocr_par' dir='ltr' id='par_1_9' title="bbox 241 3653 1510 3882">
     <span class='ocr_line' id='line_1_36' title="bbox 802 3653 944 3724; baseline -0.042 -1"><span class='ocrx_word' id='word_1_333' title='bbox 802 3653 944 3724; x_wconf 78' lang='lat' dir='ltr'>xxviii.</span> 
     </span>
     <span class='ocr_line' id='line_1_37' title="bbox 241 3793 1510 3882; baseline 0 -20"><span class='ocrx_word' id='word_1_334' title='bbox 241 3797 385 3863; x_wconf 83' lang='lat' dir='ltr'>Relatioa</span> <span class='ocrx_word' id='word_1_335' title='bbox 408 3798 443 3861; x_wconf 84' lang='lat' dir='ltr'>di</span> <span class='ocrx_word' id='word_1_336' title='bbox 463 3817 510 3861; x_wconf 88' lang='lat' dir='ltr'>me</span> <span class='ocrx_word' id='word_1_337' title='bbox 532 3796 667 3861; x_wconf 82' lang='lat' dir='ltr'>Antonio</span> <span class='ocrx_word' id='word_1_338' title='bbox 689 3793 878 3882; x_wconf 76' lang='lat' dir='ltr'>Pasquaiipo</span> <span class='ocrx_word' id='word_1_339' title='bbox 901 3795 952 3860; x_wconf 81' lang='lat' dir='ltr'>del</span> <span class='ocrx_word' id='word_1_340' title='bbox 972 3798 1137 3882; x_wconf 65' lang='lat' dir='ltr'>regimento</span> <span class='ocrx_word' id='word_1_341' title='bbox 1161 3797 1354 3882; x_wconf 75' lang='lat' dir='ltr'>dispalato.</span> <span class='ocrx_word' id='word_1_342' title='bbox 1379 3797 1510 3877; x_wconf 83' lang='lat'>1567.¹)</span> 
     </span>
    </p>
   </div>
   <div class='ocr_carea' id='block_1_8' title="bbox 255 3935 1551 4022">
    <p class='ocr_par' dir='ltr' id='par_1_10' title="bbox 255 3935 1551 4022">
     <span class='ocr_line' id='line_1_38' title="bbox 255 3935 1551 4022; baseline 0.001 -18"><span class='ocrx_word' id='word_1_343' title='bbox 255 3938 314 4004; x_wconf 93' lang='lat' dir='ltr'>Nel</span> <span class='ocrx_word' id='word_1_344' title='bbox 338 3937 399 4004; x_wconf 91' lang='lat' dir='ltr'>mio</span> <span class='ocrx_word' id='word_1_345' title='bbox 422 3937 552 4020; x_wconf 90' lang='lat' dir='ltr'>giouger</span> <span class='ocrx_word' id='word_1_346' title='bbox 573 3937 605 4002; x_wconf 92' lang='lat' dir='ltr'>in</span> <span class='ocrx_word' id='word_1_347' title='bbox 622 3936 728 4020; x_wconf 90' lang='lat' dir='ltr'>quella</span> <span class='ocrx_word' id='word_1_348' title='bbox 751 3938 827 4002; x_wconf 82' lang='grc'><strong>11111</strong></span> <span class='ocrx_word' id='word_1_349' title='bbox 849 3935 1037 4018; x_wconf 83' lang='lat' dir='ltr'>dispalato,</span> <span class='ocrx_word' id='word_1_350' title='bbox 1062 3937 1120 4003; x_wconf 87' lang='lat' dir='ltr'>che</span> <span class='ocrx_word' id='word_1_351' title='bbox 1142 3936 1175 4003; x_wconf 88' lang='lat' dir='ltr'>fu</span> <span class='ocrx_word' id='word_1_352' title='bbox 1200 3939 1220 4005; x_wconf 92' lang='lat' dir='ltr'>li</span> <span class='ocrx_word' id='word_1_353' title='bbox 1245 3938 1290 4004; x_wconf 91' lang='grc'>111</span> <span class='ocrx_word' id='word_1_354' title='bbox 1306 3939 1422 4020; x_wconf 86' lang='lat' dir='ltr'>giugno</span> <span class='ocrx_word' id='word_1_355' title='bbox 1448 3945 1551 4022; x_wconf 84' lang='lat'>1564,</span> 
     </span>
    </p>
   </div>
   <div class='ocr_carea' id='block_1_9' title="bbox 211 4024 1659 4195">
    <p class='ocr_par' dir='ltr' id='par_1_11' title="bbox 211 4024 1659 4195">
     <span class='ocr_line' id='line_1_39' title="bbox 212 4024 1659 4109; baseline 0 -17"><span class='ocrx_word' id='word_1_356' title='bbox 212 4045 272 4109; x_wconf 90' lang='lat' dir='ltr'>per</span> <span class='ocrx_word' id='word_1_357' title='bbox 294 4026 325 4090; x_wconf 93' lang='lat' dir='ltr'>la</span> <span class='ocrx_word' id='word_1_358' title='bbox 347 4024 431 4089; x_wconf 90' lang='grc'><strong>111111</strong></span> <span class='ocrx_word' id='word_1_359' title='bbox 453 4024 610 4090; x_wconf 90' lang='lat' dir='ltr'>condition</span> <span class='ocrx_word' id='word_1_360' title='bbox 634 4025 666 4090; x_wconf 93' lang='lat' dir='ltr'>di</span> <span class='ocrx_word' id='word_1_361' title='bbox 680 4025 779 4107; x_wconf 88' lang='lat' dir='ltr'>tempi</span> <span class='ocrx_word' id='word_1_362' title='bbox 800 4026 832 4089; x_wconf 92' lang='lat' dir='ltr'>le</span> <span class='ocrx_word' id='word_1_363' title='bbox 853 4024 983 4090; x_wconf 86' lang='lat' dir='ltr'>ritrovei</span> <span class='ocrx_word' id='word_1_364' title='bbox 999 4025 1143 4090; x_wconf 88' lang='lat' dir='ltr'>ristrette</span> <span class='ocrx_word' id='word_1_365' title='bbox 1165 4025 1196 4090; x_wconf 94' lang='lat' dir='ltr'>di</span> <span class='ocrx_word' id='word_1_366' title='bbox 1212 4025 1386 4108; x_wconf 83' lang='lat' dir='ltr'>vittueglie,</span> <span class='ocrx_word' id='word_1_367' title='bbox 1410 4043 1462 4090; x_wconf 92' lang='lat' dir='ltr'>ma</span> <span class='ocrx_word' id='word_1_368' title='bbox 1485 4043 1555 4108; x_wconf 88' lang='lat' dir='ltr'>per</span> <span class='ocrx_word' id='word_1_369' title='bbox 1658 4083 1659 4092; x_wconf 73' lang='grc'>,</span> 
     </span>
     <span class='ocr_line' id='line_1_40' title="bbox 211 4111 1659 4195; baseline 0 -17"><span class='ocrx_word' id='word_1_370' title='bbox 211 4113 320 4178; x_wconf 87' lang='lat' dir='ltr'>favore</span> <span class='ocrx_word' id='word_1_371' title='bbox 343 4129 488 4192; x_wconf 91' lang='lat' dir='ltr'>supremo</span> <span class='ocrx_word' id='word_1_372' title='bbox 512 4111 543 4176; x_wconf 93' lang='lat' dir='ltr'>in</span> <span class='ocrx_word' id='word_1_373' title='bbox 565 4127 734 4195; x_wconf 88' lang='lat' dir='ltr'>progresso</span> <span class='ocrx_word' id='word_1_374' title='bbox 757 4111 790 4178; x_wconf 90' lang='lat' dir='ltr'>di</span> <span class='ocrx_word' id='word_1_375' title='bbox 812 4117 918 4192; x_wconf 91' lang='lat' dir='ltr'>tempo</span> <span class='ocrx_word' id='word_1_376' title='bbox 941 4117 1047 4178; x_wconf 82' lang='lat' dir='ltr'>vostre</span> <span class='ocrx_word' id='word_1_377' title='bbox 1068 4112 1208 4178; x_wconf 78' lang='lat' dir='ltr'>aaronita</span> <span class='ocrx_word' id='word_1_378' title='bbox 1238 4111 1268 4176; x_wconf 88' lang='lat' dir='ltr'>n’</span> <span class='ocrx_word' id='word_1_379' title='bbox 1298 4111 1402 4177; x_wconf 91' lang='lat' dir='ltr'>hebbe</span> <span class='ocrx_word' id='word_1_380' title='bbox 1433 4130 1453 4175; x_wconf 90' lang='grc'>1</span> <span class='ocrx_word' id='word_1_381' title='bbox 1476 4113 1554 4179; x_wconf 85' lang='lat' dir='ltr'>suf·</span> <span class='ocrx_word' id='word_1_382' title='bbox 1658 4127 1659 4178; x_wconf 75' lang='grc'>1</span> 
     </span>
    </p>
   </div>
   <div class='ocr_carea' id='block_1_10' title="bbox 212 4196 1558 4720">
    <p class='ocr_par' dir='ltr' id='par_1_12' title="bbox 212 4196 1556 4460">
     <span class='ocr_line' id='line_1_41' title="bbox 212 4196 1556 4280; baseline 0.002 -15"><span class='ocrx_word' id='word_1_383' title='bbox 212 4199 356 4278; x_wconf 84' lang='lat' dir='ltr'>licienze,</span> <span class='ocrx_word' id='word_1_384' title='bbox 389 4199 470 4264; x_wconf 92' lang='lat' dir='ltr'>oltre</span> <span class='ocrx_word' id='word_1_385' title='bbox 492 4198 549 4263; x_wconf 91' lang='lat' dir='ltr'>che</span> <span class='ocrx_word' id='word_1_386' title='bbox 572 4200 604 4263; x_wconf 91' lang='lat' dir='ltr'>in</span> <span class='ocrx_word' id='word_1_387' title='bbox 627 4198 745 4266; x_wconf 89' lang='lat' dir='ltr'>diversi</span> <span class='ocrx_word' id='word_1_388' title='bbox 767 4197 864 4280; x_wconf 87' lang='lat' dir='ltr'>tempi</span> <span class='ocrx_word' id='word_1_389' title='bbox 894 4215 935 4262; x_wconf 92' lang='lat' dir='ltr'>ne</span> <span class='ocrx_word' id='word_1_390' title='bbox 956 4196 991 4262; x_wconf 82' lang='lat' dir='ltr'>fu</span> <span class='ocrx_word' id='word_1_391' title='bbox 1013 4197 1161 4263; x_wconf 87' lang='lat' dir='ltr'>mandato</span> <span class='ocrx_word' id='word_1_392' title='bbox 1185 4216 1242 4264; x_wconf 89' lang='lat' dir='ltr'>con</span> <span class='ocrx_word' id='word_1_393' title='bbox 1265 4198 1327 4264; x_wconf 93' lang='lat' dir='ltr'>mie</span> <span class='ocrx_word' id='word_1_394' title='bbox 1348 4199 1462 4264; x_wconf 89' lang='lat' dir='ltr'>lettere</span> <span class='ocrx_word' id='word_1_395' title='bbox 1486 4217 1556 4280; x_wconf 88' lang='lat' dir='ltr'>per</span> 
     </span>
     <span class='ocr_line' id='line_1_42' title="bbox 213 4283 1554 4372; baseline 0.001 -20"><span class='ocrx_word' id='word_1_396' title='bbox 213 4285 350 4352; x_wconf 90' lang='lat' dir='ltr'>Venetia</span> <span class='ocrx_word' id='word_1_397' title='bbox 366 4286 448 4367; x_wconf 86' lang='lat' dir='ltr'>stoja</span> <span class='ocrx_word' id='word_1_398' title='bbox 468 4290 593 4366; x_wconf 82' lang='lat'>24.000,</span> <span class='ocrx_word' id='word_1_399' title='bbox 618 4291 652 4350; x_wconf 89' lang='lat' dir='ltr'>et</span> <span class='ocrx_word' id='word_1_400' title='bbox 674 4303 827 4366; x_wconf 90' lang='lat' dir='ltr'>appresso</span> <span class='ocrx_word' id='word_1_401' title='bbox 844 4285 875 4349; x_wconf 93' lang='lat' dir='ltr'>di</span> <span class='ocrx_word' id='word_1_402' title='bbox 898 4284 1046 4351; x_wconf 89' lang='lat' dir='ltr'>continuo</span> <span class='ocrx_word' id='word_1_403' title='bbox 1068 4283 1092 4350; x_wconf 92' lang='lat' dir='ltr'>s’</span> <span class='ocrx_word' id='word_1_404' title='bbox 1107 4284 1149 4350; x_wconf 94' lang='lat' dir='ltr'>he</span> <span class='ocrx_word' id='word_1_405' title='bbox 1170 4284 1318 4350; x_wconf 89' lang='lat' dir='ltr'>mandato</span> <span class='ocrx_word' id='word_1_406' title='bbox 1341 4303 1397 4367; x_wconf 90' lang='lat' dir='ltr'>per</span> <span class='ocrx_word' id='word_1_407' title='bbox 1411 4283 1554 4372; x_wconf 86' lang='lat' dir='ltr'>Brezze,</span> 
     </span>
     <span class='ocr_line' id='line_1_43' title="bbox 212 4371 1556 4460; baseline 0 -21"><span class='ocrx_word' id='word_1_408' title='bbox 212 4373 363 4460; x_wconf 88' lang='lat' dir='ltr'>Liesene,</span> <span class='ocrx_word' id='word_1_409' title='bbox 382 4371 527 4446; x_wconf 85' lang='lat' dir='ltr'>Ourzole,</span> <span class='ocrx_word' id='word_1_410' title='bbox 550 4388 609 4454; x_wconf 92' lang='lat' dir='ltr'>per</span> <span class='ocrx_word' id='word_1_411' title='bbox 629 4372 754 4438; x_wconf 83' lang='grc'><strong>1111111</strong></span> <span class='ocrx_word' id='word_1_412' title='bbox 776 4371 829 4438; x_wconf 92' lang='lat' dir='ltr'>del</span> <span class='ocrx_word' id='word_1_413' title='bbox 845 4371 1053 4453; x_wconf 86' lang='lat' dir='ltr'>Quamaruol,</span> <span class='ocrx_word' id='word_1_414' title='bbox 1076 4371 1170 4438; x_wconf 86' lang='lat' dir='ltr'>istrie</span> <span class='ocrx_word' id='word_1_415' title='bbox 1192 4377 1225 4438; x_wconf 91' lang='lat' dir='ltr'>et</span> <span class='ocrx_word' id='word_1_416' title='bbox 1239 4371 1333 4457; x_wconf 91' lang='lat' dir='ltr'>Greo,</span> <span class='ocrx_word' id='word_1_417' title='bbox 1358 4371 1440 4439; x_wconf 88' lang='lat' dir='ltr'>oltra</span> <span class='ocrx_word' id='word_1_418' title='bbox 1455 4371 1476 4436; x_wconf 92' lang='lat' dir='ltr'>l’</span> <span class='ocrx_word' id='word_1_419' title='bbox 1493 4391 1556 4439; x_wconf 90' lang='lat' dir='ltr'>er·</span> 
     </span>
    </p>

    <p class='ocr_par' dir='ltr' id='par_1_13' title="bbox 213 4545 1558 4720">
     <span class='ocr_line' id='line_1_44' title="bbox 260 4545 1557 4629; baseline 0.007 -19"><span class='ocrx_word' id='word_1_420' title='bbox 260 4547 285 4629; x_wconf 88' lang='lat'>¹)</span> <span class='ocrx_word' id='word_1_421' title='bbox 308 4545 384 4610; x_wconf 84' lang='lat' dir='ltr'>Iiall&#39;</span> <span class='ocrx_word' id='word_1_422' title='bbox 407 4550 544 4624; x_wconf 87' lang='lat' dir='ltr'>originale</span> <span class='ocrx_word' id='word_1_423' title='bbox 566 4547 633 4609; x_wconf 90' lang='lat' dir='ltr'>nell’</span> <span class='ocrx_word' id='word_1_424' title='bbox 654 4551 781 4610; x_wconf 85' lang='lat' dir='ltr'>&#39;archivio</span> <span class='ocrx_word' id='word_1_425' title='bbox 804 4552 911 4610; x_wconf 85' lang='lat' dir='ltr'>veneto.</span> <span class='ocrx_word' id='word_1_426' title='bbox 943 4583 984 4594; x_wconf 91' lang='lat'>-</span> <span class='ocrx_word' id='word_1_427' title='bbox 1007 4551 1130 4611; x_wconf 82' lang='lat' dir='ltr'>Secundo</span> <span class='ocrx_word' id='word_1_428' title='bbox 1152 4551 1163 4610; x_wconf 94' lang='lat' dir='ltr'>i</span> <span class='ocrx_word' id='word_1_429' title='bbox 1185 4551 1274 4612; x_wconf 93' lang='lat' dir='ltr'>codici</span> <span class='ocrx_word' id='word_1_430' title='bbox 1298 4549 1430 4611; x_wconf 88' lang='lat' dir='ltr'>Viennesi</span> <span class='ocrx_word' id='word_1_431' title='bbox 1453 4551 1557 4619; x_wconf 82' lang='grc'><strong>6346</strong></span> 
     </span>
     <span class='ocr_line' id='line_1_45' title="bbox 213 4637 1558 4720; baseline 0.004 -24"><span class='ocrx_word' id='word_1_432' title='bbox 213 4637 336 4700; x_wconf 88' lang='grc'><strong>16360</strong></span> <span class='ocrx_word' id='word_1_433' title='bbox 358 4637 480 4696; x_wconf 86' lang='lat' dir='ltr'>Antonio</span> <span class='ocrx_word' id='word_1_434' title='bbox 504 4637 676 4710; x_wconf 87' lang='lat' dir='ltr'>Pesqualigo</span> <span class='ocrx_word' id='word_1_435' title='bbox 699 4655 726 4712; x_wconf 90' lang='lat' dir='ltr'>q.</span> <span class='ocrx_word' id='word_1_436' title='bbox 751 4638 864 4720; x_wconf 79' lang='lat' dir='ltr'>Pistre,</span> <span class='ocrx_word' id='word_1_437' title='bbox 896 4637 944 4713; x_wconf 84' lang='lat' dir='ltr'>gib</span> <span class='ocrx_word' id='word_1_438' title='bbox 966 4639 1001 4698; x_wconf 91' lang='lat' dir='ltr'>de</span> <span class='ocrx_word' id='word_1_439' title='bbox 1023 4638 1096 4714; x_wconf 87' lang='lat' dir='ltr'>XII,</span> <span class='ocrx_word' id='word_1_440' title='bbox 1127 4637 1159 4698; x_wconf 87' lang='grc'>11</span> <span class='ocrx_word' id='word_1_441' title='bbox 1190 4640 1270 4699; x_wconf 87' lang='lat' dir='ltr'>conte</span> <span class='ocrx_word' id='word_1_442' title='bbox 1299 4639 1329 4698; x_wconf 93' lang='lat' dir='ltr'>di</span> <span class='ocrx_word' id='word_1_443' title='bbox 1350 4638 1465 4713; x_wconf 82' lang='lat' dir='ltr'>Spalato</span> <span class='ocrx_word' id='word_1_444' title='bbox 1498 4640 1558 4704; x_wconf 85' lang='lat' dir='ltr'>dal</span> 
     </span>
    </p>
   </div>
   <div class='ocr_carea' id='block_1_11' title="bbox 109 4721 1556 4802">
    <p class='ocr_par' dir='ltr' id='par_1_14' title="bbox 109 4721 1556 4802">
     <span class='ocr_line' id='line_1_46' title="bbox 109 4721 1556 4802; baseline 0.003 -17"><span class='ocrx_word' id='word_1_445' title='bbox 109 4721 111 4728; x_wconf 70' lang='grc'><strong>“</strong></span> <span class='ocrx_word' id='word_1_446' title='bbox 210 4723 250 4786; x_wconf 90' lang='grc'>16</span> <span class='ocrx_word' id='word_1_447' title='bbox 279 4722 400 4802; x_wconf 77' lang='lat' dir='ltr'>genucio</span> <span class='ocrx_word' id='word_1_448' title='bbox 424 4724 505 4787; x_wconf 89' lang='lat'>1563</span> <span class='ocrx_word' id='word_1_449' title='bbox 527 4740 565 4785; x_wconf 92' lang='lat' dir='ltr'>m.</span> <span class='ocrx_word' id='word_1_450' title='bbox 588 4742 616 4784; x_wconf 89' lang='grc'>1.</span> <span class='ocrx_word' id='word_1_451' title='bbox 639 4721 842 4788; x_wconf 84' lang='grc'><strong>1141111111</strong></span> <span class='ocrx_word' id='word_1_452' title='bbox 867 4726 958 4789; x_wconf 87' lang='lat'><strong>1566.</strong></span> <span class='ocrx_word' id='word_1_453' title='bbox 989 4725 1058 4787; x_wconf 85' lang='lat' dir='ltr'>Dice</span> <span class='ocrx_word' id='word_1_454' title='bbox 1079 4726 1126 4802; x_wconf 88' lang='lat' dir='ltr'>poi</span> <span class='ocrx_word' id='word_1_455' title='bbox 1148 4725 1206 4802; x_wconf 82' lang='lat' dir='ltr'>egli</span> <span class='ocrx_word' id='word_1_456' title='bbox 1228 4727 1286 4788; x_wconf 89' lang='lat' dir='ltr'>solo</span> <span class='ocrx_word' id='word_1_457' title='bbox 1315 4726 1556 4790; x_wconf 77' lang='grc' dir='ltr'><strong>1111111111τί-</strong></span> 
     </span>
    </p>
   </div>
   <div class='ocr_carea' id='block_1_12' title="bbox 0 0 1675 5174">
    <p class='ocr_par' dir='ltr' id='par_1_15' title="bbox 0 0 1675 5174">
     <span class='ocr_line' id='line_1_47' title="bbox 0 0 1675 5174; baseline 0 0"><span class='ocrx_word' id='word_1_458' title='bbox 0 0 1675 5174; x_wconf 95' lang='lat' dir='ltr'> </span> 
     </span>
    </p>
   </div>
  </div>
 </body>
</html>
