3298 5178
205 335 246 421 νο

204 581 282 632 sono
311 561 414 630 tennti
436 561 496 628 dar
517 582 538 628 ο
560 561 699 631 οοτοοίῖο
728 572 836 629 νοοῖτο
865 580 924 644 per
956 561 1037 627 soldi
1060 565 1168 628 trenta
1190 564 1241 626 tre
1263 559 1286 626 il
1308 575 1416 626 moneo
1440 558 1546 624 Vene

203 649 302 730 tiano,
325 654 359 715 et
380 649 413 715 di
435 648 612 716 conducere
634 648 716 714 soldi
739 649 910 731 cinquante
932 653 1033 727 sette3
1057 648 1090 714 di
1103 646 1198 714 medo
1214 645 1273 714 che
1288 651 1377 714 coste
1393 643 1547 712 condutto

203 736 349 804 adoena
381 734 442 802 lire
472 740 600 817 quattro
624 753 642 801 e
664 753 774 801 mezzo
801 735 824 799 il
853 752 962 802 mezzo
984 733 1171 814 venetiano,
1195 739 1229 799 et
1251 732 1283 798 ie
1305 732 1467 799 sublimith
1492 749 1548 798 νο-

203 827 271 890 atra
292 821 324 888 lo
346 822 449 889 vende
471 822 545 904 quel
567 827 657 888 tanto
681 821 711 886 d'
735 820 989 898 accrescimento,
1013 820 1062 887 ch’
1086 820 1150 886 ella
1172 823 1218 901 sa,
1242 817 1290 885 ch’
1314 817 1468 885 edicti
1492 823 1546 882 21.

204 909 232 975 11
254 907 329 989 qual
359 912 472 989 quarto
502 907 607 974 hanno
637 908 754 974 liberta
783 908 815 973 di
838 907 988 974 condurlc
1011 926 1031 972 ο
1052 907 1181 972 Liesina
1202 923 1262 987 per
1283 923 1341 972 uso
1364 904 1451 971 della
1473 923 1548 986 pes·

204 994 320 1074 chiera,
344 999 377 1060 et
398 995 452 1076 gia
474 991 504 1060 lo
527 1000 685 1076 potevano
717 994 837 1060 condur
860 1013 879 1060 a
902 992 1046 1060 Nerenta
1069 999 1103 1058 et
1124 993 1300 1069 Macarsoa,
1323 996 1357 1058 et
1377 991 1418 1056 da
1441 988 1547 1057 Obro-

203 1098 299 1148 vezno
323 1079 374 1144 sin
395 1099 416 1145 e
438 1078 553 1164 Segne,
577 1081 636 1146 che
657 1080 678 1146 l'
701 1079 806 1146 hanno
828 1080 964 1161 perduto
986 1097 1044 1160 per
1066 1078 1367 1146 ladishebitatione.
1386 1075 1547 1143 Solevano

204 1166 283 1233 icrsi
306 1165 365 1232 seli
387 1166 420 1230 in
443 1171 534 1232 trec
557 1170 684 1248 quattro
715 1165 796 1232 altre
827 1166 902 1233 ville
928 1165 1001 1233 dell’
1023 1166 1112 1244 isola,
1136 1179 1189 1231 ma
1210 1183 1268 1246 per
1290 1182 1399 1230 essere
1422 1169 1547 1248 aperte,

204 1259 239 1320 et
269 1249 386 1335 perche
408 1252 436 1318 si
457 1250 610 1319 foreveno
639 1251 728 1318 molti
758 1252 973 1328 contrahendi,
1003 1253 1035 1318 la
1065 1251 1229 1318 sublimitt
1250 1255 1360 1316 vostra
1381 1249 1404 1314 l’
1431 1249 1473 1314 he
1496 1249 1542 1314 le·

205 1344 288 1419 vate,
322 1337 468 1406 havendo
502 1347 693 1421 consegneto
727 1337 759 1402 in
793 1339 1028 1405 contracambio
1058 1339 1088 1404 ei
1117 1336 1243 1419 patroni
1275 1335 1306 1402 di
1330 1336 1418 1402 dette
1440 1335 1547 1401 saline

204 1430 295 1492 tento
317 1429 405 1490 terre
426 1423 460 1490 di
481 1424 567 1505 pieni
589 1444 608 1490 o
630 1423 705 1490 valli
722 1423 753 1488 di
769 1424 864 1506 quell'
881 1425 962 1492 isole
976 1425 1009 1490 di
1023 1425 1155 1502 ragione
1171 1423 1256 1489 delle
1271 1423 1411 1490 serenita
1426 1427 1547 1488 vostre.

228 1510 283 1612 ’L’
301 1509 388 1584 =isola
410 1509 441 1576 d’
463 1509 549 1578 Arbe
572 1514 590 1576 d
612 1528 691 1592 poco
713 1509 860 1576 habitata
882 1511 1017 1592 rispetto
1039 1509 1188 1623 aquei„
1206 1509 1264 1609 che
1295 1510 1403 1609 solere
1435 1525 1547 1574 essere

205 1593 1551 1765 1111111111111111111111111111111111111111

204 1769 322 1854 menti,
353 1769 481 1834 animali
511 1773 544 1836 et
573 1770 655 1836 altre
685 1787 768 1844 cose,
799 1769 857 1835 ohe
880 1769 1030 1835 soleveno
1052 1773 1162 1849 portar
1177 1769 1201 1832 li
1223 1767 1382 1832 Murlachi
1406 1772 1441 1832 et
1464 1767 1552 1832 altre

205 1853 313 1938 gente,
336 1853 383 1919 ch'
406 1853 598 1921 habitareno
621 1859 706 1921 tutte
729 1855 834 1937 quella
863 1861 1052 1937 montegne3
1077 1871 1134 1936 per
1156 1855 1187 1920 1ο
1210 1854 1284 1935 quel
1309 1854 1440 1935 nogione
1462 1859 1551 1918 tutte

205 1943 226 2007 l’
249 1941 329 2006 isole
352 1941 384 2006 di
407 1941 572 2018 Quarnero
596 1960 673 2006 sono
696 1943 896 2022 imponentita
919 1946 953 2008 et
975 1940 1177 2023 dishahitete,
1202 1940 1319 2022 perche
1333 1939 1392 2004 ’1το
1413 1938 1447 2004 1ο
1470 1939 1553 2003 οῖῖῖο

206 2031 240 2094 οῖ
261 2027 342 2092 isola
371 2044 433 2092 non
464 2044 540 2092 sono
573 2027 628 2108 pid
650 2027 709 2092 che
739 2027 842 2094 anime
863 2034 914 2093 tre
936 2027 1021 2092 mille
1043 2027 1261 2107 cinquecento,
1286 2033 1319 2092 et
1340 2024 1484 2090 huomini
1508 2025 1553 2089 de

208 2112 290 2178 fatto
320 2116 491 2178 ottocento.
522 2112 600 2178 Gira
628 2112 737 2194 miglia
766 2117 883 2180 trente.
907 2111 968 2179 Nel
991 2112 1150 2179 territorio
1174 2129 1237 2178 non
1260 2129 1338 2178 sono
1360 2111 1436 2176 ville
1459 2111 1552 2177 selvo

209 2198 268 2264 ohe
291 2217 355 2264 una
377 2197 410 2265 di
432 2205 588 2280 quaranta
610 2215 695 2283 case,
718 2217 770 2264 me
798 2217 856 2280 per
877 2197 899 2264 l’
923 2198 1005 2265 isola
1027 2198 1055 2264 si
1077 2197 1198 2264 redono
1222 2199 1305 2264 assei
1328 2215 1401 2264 case
1424 2214 1552 2279 sparse,

208 2303 275 2350 une
308 2283 382 2351 dell'
406 2283 490 2352 nltre
524 2304 586 2350 non
617 2285 716 2352 molto
747 2285 884 2352 lontene.
919 2285 1065 2351 Produce
1097 2284 1162 2350 vini
1191 2303 1249 2366 per
1278 2303 1336 2351 uso
1358 2303 1425 2362 suo,
1449 2283 1555 2366 poche
1641 2307 1642 2368 3

206 2371 311 2437 hicne.
344 2369 460 2438 Soieve
490 2369 540 2437 far
569 2371 676 2438 huone
704 2372 849 2452 quantita
878 2371 910 2437 di
939 2371 1024 2455 fighi,
1061 2370 1119 2436 che
1148 2389 1206 2452 per
1228 2389 1320 2438 esser
1342 2369 1447 2437 secchi
1470 2387 1553 2436 sono
1625 2435 1628 2442 .

206 2456 344 2522 mancati
366 2457 407 2524 da
429 2475 488 2539 per
510 2461 603 2524 tutto.
628 2457 679 2524 Gli
703 2459 839 2542 animali,
863 2458 922 2523 che
945 2463 1083 2539 tengono
1105 2457 1139 2521 in
1161 2475 1240 2538 gran
1263 2457 1354 2540 copia
1376 2475 1435 2538 per
1449 2455 1482 2522 1ο
1498 2473 1554 2523 co-

207 2541 327 2610 modico
356 2541 389 2608 di
419 2543 540 2624 pascoli
570 2543 656 2608 dalle
688 2543 829 2610 serenitd
851 2549 958 2610 vostra
980 2545 1049 2610 loro
1072 2543 1217 2610 concessi
1237 2545 1260 2610 ὀ
1282 2545 1396 2619 11νο11ο,
1420 2560 1484 2608 non
1508 2543 1554 2608 ri-

206 2627 396 2712 guardando
420 2628 482 2695 ella
504 2629 535 2694 al
558 2629 662 2694 danno
687 2647 705 2695 e
728 2629 854 2710 perdite
884 2649 951 2708 sue,
974 2629 1019 2712 gli
1042 2630 1146 2696 denno
1169 2629 1281 2713 grand'
1305 2630 1420 2708 utilite,
1433 2628 1465 2693 di
1490 2629 1554 2695 che

208 2715 333 2781 viveno.
357 2713 469 2781 Vennc
492 2715 588 2796 quell’
610 2715 691 2781 isola
711 2715 996 2782 volontariamente
1018 2721 1101 2782 sotto
1124 2715 1157 2780 1ο
1178 2717 1343 2783 sublimitt
1364 2719 1475 2783 vostra
1498 2717 1555 2783 del

209 2801 295 2868 mille
326 2805 547 2882 quattrocento
579 2801 678 2880 dieci3
708 2801 772 2866 elle
802 2803 876 2883 qual
899 2803 977 2868 citae
1006 2819 1063 2882 per
1085 2820 1196 2869 essere
1218 2807 1326 2870 trenta
1347 2801 1457 2886 migiie
1480 2801 1554 2868 lon·

208 2894 284 2953 tana
307 2886 349 2952 da
374 2885 489 2972 Segne,
513 2892 547 2953 et
569 2887 704 2954 essendo
728 2888 800 2970 quei
823 2889 966 2955 contorni
989 2888 1030 2954 de
1053 2887 1085 2954 (11
1108 2893 1141 2954 οῖ
1163 2888 1204 2955 de
1226 2895 1317 2956 notta
1331 2889 1494 2955 molestati
1510 2889 1556 2956 de
1640 2925 1641 2950 ν

207 2971 376 3052 Euscochi,
400 2991 463 3040 non
486 2973 571 3039 seria
593 2973 654 3039 fori
677 2974 709 3040 di
731 2977 902 3057 proposito,
927 2974 984 3040 ohe
1007 2974 1039 3040 1ο
1060 2979 1150 3040 notte
1173 2975 1200 3040 si
1223 2973 1385 3044 incessero
1408 2974 1440 3041 le
1456 2993 1556 3057 guer-

208 3059 259 3124 die
280 3063 408 3126 attorno
431 3059 462 3126 le
483 3077 584 3144 mure,
611 3061 668 3126 che
692 3061 837 3142 voglieno
859 3079 953 3141 passa
976 3061 1201 3142 cinquecento;
1223 3061 1245 3128 il
1268 3062 1300 3128 di
1323 3062 1425 3128 chesi
1443 3063 1556 3141 potrie

207 3143 388 3213 iacilmente
411 3144 480 3212 fare
502 3165 598 3212 senna
620 3165 714 3228 spese
737 3167 756 3212 ο
779 3147 887 3229 quella
908 3165 1043 3225 camera,
1068 3146 1126 3213 che
1149 3165 1212 3228 quc
1234 3166 1315 3215 nove
1336 3147 1474 3225 homeni‚
1491 3149 1556 3215 che

209 3231 282 3313 ogni
305 3236 394 3299 notte
416 3233 579 3316 guardano
602 3233 635 3299 1ο
654 3233 733 3306 lona.
756 3233 788 3298 in
807 3235 902 3316 luogo
925 3233 957 3300 di
981 3233 1088 3314 quelle
1111 3234 1259 3320 statione,
1283 3235 1342 3301 ohe
1364 3253 1427 3301 non
1451 3238 1470 3299 e
1494 3254 1553 3302 ne·

209 3317 356 3418 cessaria,
380 3317 541 3386 fecersero
560 3319 595 3419 1ο
617 3319 776 3386 sintineile
799 3321 924 3385 intorno
945 3320 1098 3419 lemura,
1122 3323 1340 3388 moetrendos'r
1358 3321 1432 3404 ogni
1448 3327 1553 3406 notte,

208 3405 1554 3578 ἃ81111111111111111111Γ1111111111111111οέ1ἷ111οοοο
1639 3459 1640 3500 ν

209 3581 294 3644 ῖοῖῖο
323 3578 355 3646 1ο
384 3577 465 3645 altre
495 3577 575 3644 isole
599 3579 631 3644 di
652 3577 822 3663 Dalmatia,
854 3579 1000 3646 circondo
1023 3585 1115 3646 cento
1138 3579 1256 3666 miglis,
1280 3581 1322 3646 he
1344 3578 1555 3663 grandissimi

208 3662 318 3729 boschi
348 3665 380 3730 di
410 3665 503 3747 legno
533 3665 574 3730 da
604 3663 717 3748 fuogo,
749 3665 831 3731 delle
861 3665 946 3747 quali
969 3685 1004 3732 se
1027 3685 1068 3732 ne
1091 3667 1232 3733 conduco
1254 3687 1333 3750 gren
1356 3665 1491 3747 quatitc,
1516 3668 1553 3733 in

209 3753 323 3829 questa
345 3749 432 3835 citte,
456 3757 489 3816 et
511 3767 615 3816 vanno
638 3756 722 3820 tutta
744 3751 1002 3832 demandanda
1025 3751 1142 3833 perche
1165 3753 1238 3832 ogni
1255 3771 1318 3818 uno
1334 3752 1442 3835 reglis,
1460 3771 1557 3820 come

208 3834 253 3915 gli
282 3835 391 3916 piace,
423 3855 518 3903 senza
549 3837 652 3918 dargli
674 3843 781 3919 tempo
804 3837 836 3903 di
859 3854 1013 3905 crescere.
1035 3838 1086 3904 Ηο
1108 3839 1228 3920 pascoli
1253 3840 1365 3918 ottimi,
1388 3839 1439 3904 nei
1463 3841 1557 3920 quali

210 3927 348 4004 tergono
374 3941 454 4006 gran
483 3940 614 3990 numero
645 3923 676 3989 d'
699 3923 827 3989 animali
858 3921 888 3988 d'
912 3925 985 4006 ogni
1016 3930 1111 4004 sorte,
1136 3924 1177 3990 da
1200 3925 1257 3992 che
1281 3945 1321 3992 ne
1343 3925 1446 3990 henno
1469 3943 1557 4006 gren
1638 3973 1639 3984 ν

209 4007 315 4074 utilita
335 4009 592 4076 messimemente
614 4009 646 4076 di
669 4009 822 4091 polledri‚
853 4009 926 4077 dei
949 4011 1035 4092 quali
1058 4030 1098 4078 ne
1120 4029 1197 4078 sono
1221 4011 1348 4078 estratti
1368 4011 1441 4094 ogni
1465 4030 1558 4082 anno
1638 4005 1639 4048 ³

210 4095 323 4176 cinque
346 4113 365 4162 o
388 4095 434 4161 sei
465 4095 573 4160 nevilii
602 4113 661 4178 per
691 4096 723 4162 la
752 4095 870 4162 Μοτοο.
901 4096 1013 4164 Rende
1044 4098 1064 4162 l'
1088 4097 1167 4164 isole
1190 4097 1285 4179 oglio,
1306 4099 1399 4164 hiare
1422 4115 1481 4178 per
1506 4102 1559 4167 sei

209 4182 288 4247 mesi
319 4179 393 4248 dell’
416 4199 516 4266 enno,
547 4187 580 4248 et
601 4181 666 4248 vini
688 4200 746 4263 per
767 4183 900 4266 bisogno
924 4183 991 4250 loro
1016 4188 1049 4249 et
1071 4183 1102 4249 d'
1127 4183 1218 4262 altri3
1242 4184 1328 4249 nella
1351 4183 1445 4265 quale
1471 4203 1558 4254 sono

210 4265 492 4350 qnettroccstelie,
523 4267 601 4334 vinti
632 4269 760 4352 villeggi
783 4268 896 4351 grandi
919 4275 953 4335 et
974 4269 1118 4352 populati
1142 4271 1225 4335 oltra
1246 4271 1334 4336 molti
1358 4269 1464 4335 casali.
1488 4271 1562 4341 Fra

210 4353 243 4418 le
265 4355 341 4420 eitte
364 4358 396 4421 et
418 4353 500 4419 isola
522 4358 608 4420 tutte
631 4373 708 4421 sono
730 4355 835 4422 anime
859 4355 971 4422 undeci
993 4355 1080 4423 mille
1107 4361 1142 4422 ct
1163 4355 1304 4422 huomini
1327 4357 1368 4421 da
1390 4354 1463 4422 fatti
1488 4357 1561 4426 due

210 4439 296 4505 mille
327 4440 477 4517 seicento,
508 4440 566 4506 ohe
595 4441 628 4506 in
651 4460 694 4506 un
718 4441 851 4525 bisogno
874 4443 900 4508 s'
925 4443 1102 4508 armeniano
1125 4447 1253 4523 quattro
1276 4462 1295 4508 o
1318 4443 1431 4522 cinque
1454 4444 1559 4525 geiie.

209 4523 258 4591 La
279 4527 355 4592 citta
377 4529 395 4593 d
418 4526 537 4593 situata
558 4546 668 4609 presso
690 4529 723 4592 la
746 4529 877 4607 marine,
902 4527 934 4593 di
954 4527 1085 4594 circuito
1105 4529 1135 4592 d'
1149 4547 1192 4593 un
1214 4529 1331 4611 miglio,
1347 4529 1380 4593 in
1395 4546 1437 4592 un
1453 4529 1560 4612 luogo
1637 4569 1638 4608 ν

210 4610 294 4678 ῖοΙΙο
324 4619 357 4678 οῖ
388 4630 483 4696 sopra
513 4633 556 4678 un
586 4613 674 4680 colle.
707 4613 820 4691 Quelle
852 4614 1011 4682 comunitt
1033 4615 1060 4679 si
1082 4633 1221 4698 governe
1244 4633 1303 4680 con
1327 4614 1354 4680 si
1377 4615 1476 4680 buoni
1501 4637 1559 4684 or·
1637 4615 1638 4661 1

209 4697 285 4784 dini,
308 4699 366 4766 che
387 4698 438 4766 1το
459 4699 606 4783 populari
628 4705 662 4769 et
683 4700 826 4768 cittedini
856 4719 919 4770 non
942 4718 1079 4768 nasoono
1102 4701 1174 4784 quei
1197 4701 1335 4783 tumulti,
1360 4700 1419 4770 che
1443 4702 1470 4770 si
1496 4721 1560 4772 ve·
