3322 5174
117 516 174 562 rex
190 496 355 578 septimus,
371 501 438 560 tum
454 495 655 562 Mahometns
671 496 837 578 secundus,
861 493 945 560 filius
961 514 1046 575 suus,
1064 495 1238 560 'lurcorum
1253 510 1308 559 rex
1323 494 1454 557 octavus

119 592 152 650 et
172 584 223 648 hic
247 581 519 664 Constantinopoli
542 583 651 648 111111
674 581 892 661 Thesalonica,
920 600 989 646 cum
1012 581 1200 662 antiquitate
1223 586 1291 646 tum
1314 577 1455 644 authori-

117 677 197 750 tate,
223 671 440 751 amplitudine,
460 669 679 751 pulcritudine,
696 669 876 746 amenitate,
893 669 1054 750 religione,
1072 669 1196 750 opibus,
1220 667 1302 732 situs
1319 664 1456 745 denique

116 765 184 822 tam
207 763 315 823 terrae
338 775 432 838 quam
455 758 550 820 maris
566 756 812 838 opportunitate,
835 756 913 821 urbe
940 755 1093 822 Graeciae
1115 753 1327 820 illustrissima
1350 757 1454 833 capta,

116 862 213 926 quam
234 849 444 924 posteaquam
466 843 517 907 hic
542 843 664 924 ipsein
686 847 876 922 potestatem
899 860 989 907 suam
1010 842 1195 926 redegisset,
1228 839 1454 917 redactamque

113 931 276 996 hostiliter
300 930 491 1010 diripuisset
516 929 663 993 continuo
686 928 793 993 statim
816 929 889 994 talis
912 929 1061 995 victoriae
1083 947 1186 1007 cursu,
1217 928 1249 991 in
1272 926 1452 992 Pannonias

113 1035 174 1098 per
197 1015 342 1082 Servium
363 1034 481 1097 perque
504 1015 651 1080 Rastiam
675 1014 723 1100 (et
746 1015 796 1080 hic
811 1015 949 1096 Georgio
973 1021 1006 1081 et
1027 1015 1104 1082 inibi
1119 1015 1241 1080 Lazaro
1265 1009 1453 1093 despotibus

114 1103 239 1184 praelio
262 1101 367 1187 victis)
401 1121 555 1184 pergens,
584 1103 676 1169 obvia
708 1120 832 1183 queque
861 1101 935 1184 igne
958 1109 991 1168 et
1012 1101 1097 1169 ferro
1122 1106 1266 1180 vastans,
1300 1097 1455 1178 extemplo

113 1190 170 1254 ubi
192 1191 225 1253 in
248 1196 357 1270 111111
372 1189 555 1271 Hungariae
571 1189 799 1270 pervenissent,
821 1189 1015 1271 Belgradum
1031 1207 1125 1270 quam
1142 1187 1314 1253 Taurinum
1336 1183 1450 1268 nostri,

115 1277 213 1342 hodie
235 1276 350 1342 Albam
372 1294 519 1359 graecam
542 1281 741 1360 nuncupant,
772 1282 913 1342 castrum
944 1295 1007 1343 non
1036 1277 1138 1342 minus
1168 1275 1302 1356 ipsamet
1332 1280 1452 1336 natura

113 1364 186 1442 loci,
212 1381 309 1444 quam
332 1365 384 1428 111
405 1364 556 1446 singulari
572 1363 727 1428 industria
750 1363 864 1445 oppido
887 1365 1052 1442 munitum,
1076 1370 1142 1428 tam
1166 1360 1265 1428 atroci
1284 1377 1379 1442 quam
1395 1375 1451 1422 ve·

112 1450 175 1514 1111
199 1449 367 1516 obsidione
390 1450 495 1532 cingit,
520 1451 729 1530 obsessosque
752 1450 926 1531 evestigio
950 1450 1081 1534 (eisdem
1104 1448 1264 1515 exitialem
1286 1446 1348 1512 nisi
1370 1443 1455 1510 ultro

113 1540 276 1621 parerent,
300 1536 446 1617 hostique
467 1537 531 1602 iam
545 1537 607 1602 iam
630 1555 742 1602 manus
759 1537 873 1602 darent
894 1538 957 1603 vim
973 1536 1193 1620 denuuctians)
1216 1540 1306 1600 11111
1331 1537 1365 1598 11
1387 1537 1454 1596 tam

112 1623 284 1705 tyrannico
314 1629 436 1689 terrore
463 1623 617 1698 solicitat,
650 1623 757 1689 dicens
787 1623 931 1704 seprius
959 1630 1134 1690 extremam
1164 1621 1262 1688 etiam
1297 1635 1454 1702 quamque

114 1711 221 1776 aleam
244 1708 392 1776 fortunae
421 1710 526 1775 iacere
549 1710 661 1793 1111111,
686 1728 779 1791 quam
806 1711 857 1776 vel
878 1711 1038 1775 minimum
1069 1710 1229 1792 quippiam
1262 1707 1452 1798 intentatum

110 1798 306 1880 1111111111,
327 1796 506 1878 quominus
521 1797 606 1878 ipsos
622 1799 733 1878 quovis
750 1800 1048 1878 strategematorum
1063 1815 1178 1878 genere
1195 1795 1235 1860 ad
1249 1791 1447 1860 omnimodae

113 1883 287 1948 deditionis
304 1884 489 1964 obsequium
505 1883 682 1963 1111111111.
698 1883 771 1948 Jam
789 1903 864 1964 ergo
881 1902 974 1964 quam
990 1885 1131 1965 plurimis
1147 1887 1374 1948 tormentorum
1389 1897 1453 1944 ma·

113 1970 214 2036 111111
230 1969 264 2034 11
281 1970 454 2052 oppidanos
471 1975 619 2052 torquere
634 1969 731 2047 iubet,
749 1976 782 2036 et
796 1971 1023 2050 potentissimis
1040 1971 1111 2053 pilis
1123 1971 1248 2036 moenia
1263 1967 1373 2049 quatit,
1391 1967 1454 2030 iam

110 2075 221 2122 muros
246 2057 394 2134 concutit,
417 2057 482 2121 iam
508 2064 613 2122 turres
640 2058 776 2138 denique
798 2058 885 2136 ipsas
908 2057 1061 2137 convellit,
1085 2063 1118 2123 et
1141 2059 1203 2122 iam
1228 2055 1305 2121 diris
1321 2052 1456 2118 subinde

110 2143 377 2224 impressionibus
394 2140 490 2222 (nuuc
508 2143 673 2210 classicum
689 2145 837 2221 cavendo,
855 2159 937 2209 nuno
953 2145 1056 2210 omnia
1072 2145 1235 2210 occasione
1251 2140 1455 2206 succedentes

111 2229 263 2295 fortunae
286 2231 428 2310 receptui
445 2230 536 2312 signa
551 2231 669 2311 dando)
685 2231 771 2296 urbis
788 2229 970 2297 defensores
985 2237 1088 2314 urget,
1104 2243 1183 2298 adeo
1209 2227 1370 2310 quodiam
1385 2231 1455 2290 tan·

112 2317 188 2382 dem
211 2315 335 2381 Turcae
351 2317 428 2396 ipsis
444 2317 607 2383 moenibus
628 2317 662 2381 iu
684 2318 794 2383 urbem
816 2318 984 2396 irruerent,
1008 2335 1218 2400 magnamque
1240 2315 1307 2382 eius
1330 2317 1455 2393 partem
1492 2325 1495 2330 ·

111 2410 309 2483 occuparent
331 2403 376 2467 ita
392 2409 427 2468 ut
442 2402 537 2468 etiam
552 2404 667 2470 vexilla
687 2405 792 2469 suain
807 2411 1027 2486 argumentum
1042 2409 1154 2486 111111
1170 2401 1320 2468 victoriae
1337 2418 1375 2465 ex
1390 2398 1455 2464 edi·

109 2489 249 2555 rioribus
267 2489 355 2554 urbis
370 2489 469 2572 ipsius
482 2491 579 2556 muris
593 2495 753 2571 protensa,
770 2490 1014 2558 insolentissime
1030 2491 1232 2572 explicarent.
1248 2487 1277 2552 N
1280 2505 1316 2553 ec
1328 2485 1456 2566 segnius

110 2575 267 2659 oppidani
292 2593 311 2641 1
334 2581 453 2656 111111,
476 2577 560 2643 11111
582 2596 671 2658 spem
693 2582 726 2643 et
747 2583 866 2644 metum
889 2578 1059 2663 constituti,
1084 2577 1229 2660 protinus
1251 2573 1306 2640 ubi
1329 2579 1362 2638 et
1383 2589 1456 2652 spes

110 2669 246 2744 metum,
272 2670 306 2730 et
321 2682 476 2746 generosa
491 2664 622 2730 uicisset
636 2665 767 2730 vulnera
781 2666 892 2747 virtus,
916 2665 1163 2748 frequentissimi
1181 2662 1286 2744 quoad
1302 2659 1370 2724 eius
1386 2655 1456 2724 fieri

110 2756 241 2833 poterat
257 2751 298 2816 ad
314 2769 403 2816 arma
417 2753 847 2836 concurrunt‚'impulsosquc
863 2753 997 2820 maximo
1014 2770 1076 2834 quo
1091 2756 1227 2832 possunt
1241 2749 1360 2829 impetu
1377 2746 1454 2828 (iam

110 2839 257 2904 cominus
281 2839 344 2904 iam
366 2837 488 2904 eminus
511 2837 702 2922 pugnantes)
724 2839 831 2906 hostes
853 2841 886 2904 in
900 2839 1007 2923 lugam
1030 2845 1156 2925 cogunt,
1180 2844 1214 2904 et
1235 2843 1301 2901 tam
1323 2838 1453 2898 strenue

110 2925 336 2992 cruentissimo
360 2924 510 2990 dimicant
532 2931 644 3009 marte,
671 2932 708 2991 ut
729 2928 780 2993 vel
803 2946 842 2992 ex
864 2927 942 3008 ipsis
965 2931 1128 3009 gestorum
1151 2944 1210 3008 111
1234 2943 1269 2989 11
1291 2927 1367 2986 1111
1389 2937 1453 2984 me·

110 3016 183 3079 ritis
207 3023 241 3079 ot
263 3011 401 3078 invictae
424 3029 575 3078 romanae
597 3014 754 3094 quondam
776 3013 970 3080 fortitudinis
993 3014 1033 3079 ad
1057 3015 1162 3078 vivum
1178 3026 1359 3092 expressum
1383 3024 1456 3072 con·

111 3101 276 3184 spexissea
299 3099 477 3180 imaginem,
502 3106 534 3165 et
555 3099 713 3165 leoninam
735 3101 840 3182 potius
863 3118 958 3181 quam
973 3100 1152 3184 humanam,
1175 3098 1347 3180 Hungaros
1370 3094 1455 3174 11111

111 3207 183 3254 cum
209 3186 322 3251 Turcis
344 3185 472 3251 inivisse
496 3188 628 3253 dixisses
650 3207 807 3270 pugnam,
840 3193 930 3254 tanta
953 3188 1108 3267 siquidem
1131 3187 1297 3252 alacritate
1330 3187 1363 3247 et
1376 3187 1451 3256 ¹tam

110 3273 278 3358 praesenti
301 3273 459 3338 masculae
483 3275 608 3340 virtutis
631 3275 817 3355 constantia,
850 3275 969 3341 Turoas
992 3295 1031 3338 ex
1053 3275 1220 3342 moenibus
1243 3275 1275 3335 in
1299 3285 1454 3352 praeceps

111 3367 221 3446 agunt,
246 3365 284 3424 ut
307 3359 482 3439 complures
505 3363 656 3442 ipsorum,
679 3362 837 3427 mordicus
860 3363 892 3426 iu
915 3367 1078 3428 consertos
1099 3362 1208 3427 hostes
1225 3359 1342 3424 mutuis
1365 3373 1450 3420 com-

111 3449 260 3530 plexibus
284 3446 392 3512 obnixi
414 3454 561 3530 ruentes,
591 3449 659 3528 pari
680 3449 810 3514 tandem
834 3449 935 3534 11111,
966 3469 1030 3515 111
1060 3467 1130 3514 cum
1163 3446 1239 3528 ipsis
1263 3445 1413 3510 deorsum
1436 3463 1454 3510 1

109 3535 278 3602 moenibus
301 3535 490 3615 praecipites
513 3535 689 3600 moribundi
713 3535 871 3621 caderent,
896 3543 929 3602 et
952 3541 1068 3617 quanto
1092 3535 1136 3599 illi
1157 3533 1293 3599 ferocius
1317 3529 1453 3616 (maiore

110 3624 191 3688 licet
213 3622 289 3686 nixu
321 3638 414 3701 quam
438 3619 568 3706 effectu)
592 3623 713 3703 omnia,
744 3627 833 3686 tanto
857 3625 909 3690 isti
933 3623 1018 3688 nullo
1041 3626 1208 3702 parcentes
1230 3619 1351 3697 labori,
1383 3617 1453 3683 nul·

109 3711 243 3790 lamque
267 3709 362 3770 immo
385 3725 425 3771 ne
449 3714 624 3774 extremum
640 3709 767 3788 quidem
789 3709 1058 3793 subterfugientes
1082 3707 1254 3789 periculum
1271 3705 1453 3788 diligentius

108 3795 258 3878 singula,
283 3812 340 3874 pro
364 3793 443 3871 aris,
474 3813 532 3874 pro
553 3795 631 3861 iocis
653 3813 774 3877 proque
797 3797 935 3860 omnium
957 3796 1141 3861 charissima
1172 3795 1327 3859 communi
1351 3800 1455 3860 matre

107 3881 216 3966 patria
240 3883 465 3962 (1111111111
481 3882 608 3961 quidem
623 3883 730 3964 quiete
746 3882 890 3947 diurnum
907 3882 1070 3947 relaxante
1085 3881 1252 3963 laborem),
1277 3887 1311 3946 ct
1326 3879 1454 3947 hostilia

109 3988 203 4035 arma
226 3973 441 4045 contemnunt,
466 3973 499 4033 et
514 3969 554 4032 ad
578 3974 717 4034 extrema
734 3987 878 4050 quaeque
893 3969 1035 4035 remedia
1050 3973 1227 4050 recurrunt,
1251 3965 1454 4047 finaliterque

108 4059 166 4141 (ne
189 4054 337 4120 nimirum
361 4053 520 4135 quippiam
545 4057 594 4120 vel
617 4057 816 4137 inexpertum
838 4057 888 4122 111
911 4060 997 4121 metu
1020 4057 1199 4138 neglectum
1222 4053 1452 4139 relinquerent)

108 4151 178 4209 turn
202 4139 409 4222 liquefactam
432 4141 544 4222 picem,
568 4149 635 4208 tum
657 4143 834 4208 mordentia
856 4162 895 4208 ex
916 4142 1013 4208 muris
1036 4144 1069 4207 in
1091 4143 1222 4209 obnixos
1244 4142 1356 4208 hostes
1379 4158 1453 4206 exa·

108 4231 198 4294 mina
231 4225 433 4294 effunderent
455 4247 570 4309 apum,
603 4235 639 4294 ut
669 4230 781 4295 merito
812 4231 845 4294 in
872 4231 1012 4311 ipsorum
1042 4230 1344 4295 commendationem
1375 4227 1454 4293 illud

108 4315 311 4398 praeclarum
327 4315 488 4380 decantari
502 4333 596 4396 posse
617 4316 750 4382 dixeris:
773 4317 1000 4398 pulchrumque
1016 4318 1098 4382 mori
1125 4315 1279 4382 succurrit
1301 4314 1453 4393 inarmis,

109 4419 176 4469 tam
201 4405 386 4467 constanter
409 4402 526 4484 quippe
550 4408 669 4468 ettam
694 4403 847 4484 certatim,
873 4403 1016 4470 aemulae
1039 4403 1165 4469 virtutis
1187 4402 1314 4480 milites
1348 4420 1382 4466 se
1405 4403 1452 4465 iu·

108 4491 211 4556 vicem
235 4487 452 4572 exhortantes
487 4487 610 4554 infestis
633 4491 665 4554 in
688 4489 796 4556 hostes
820 4490 1044 4556 incumbebant
1067 4489 1172 4568 armis,
1210 4488 1293 4569 quod
1317 4487 1452 4556 vidisses

109 4595 207 4658 super
229 4579 339 4656 strage
363 4574 458 4638 etiam
474 4593 640 4654 corporum
664 4594 792 4642 suorum
816 4579 974 4644 luctantes
998 4585 1032 4643 et
1047 4577 1197 4642 maritum
1218 4580 1250 4640 in
1274 4582 1455 4658 conspectu

109 4664 218 4732 uxoris
241 4661 429 4729 occumbere
455 4660 609 4729 etlilium
639 4663 680 4729 ad
703 4663 787 4730 latus
815 4671 982 4746 paternum
1012 4663 1171 4746 intrepide
1202 4662 1371 4748 prosterni,
1395 4682 1453 4731 uec
