3322 5174
1403 358 1461 421 175

124 547 174 614 bis
199 554 367 618 centorum
389 551 507 618 milium
525 553 662 627 obsedit,
680 555 854 639 cademque
871 556 1057 638 (Rhodieuis
1072 559 1203 624 aliorum
1221 561 1462 628 christianorum

123 639 240 706 auxilio
274 639 450 720 destitutis)
485 640 629 723 Philippo
652 641 780 711 Valerio
803 645 974 730 biludamo,
999 664 1113 727 magno
1136 647 1309 714 rhodianae
1331 649 1462 714 militiae

123 727 284 792 existente
316 727 478 808 magistro,
511 735 601 793 sexto
631 729 758 795 demum
780 731 953 798 obsidionis
976 751 1052 798 suae
1076 752 1193 812 mense,
1217 735 1287 815 ipso
1311 736 1458 801 nimirum

122 819 327 880 sacrosancto
350 814 465 880 natalis
495 815 602 880 christi
623 816 673 882 die
696 823 797 900 capta,
822 825 934 899 quarto
958 819 1065 885 statim
1087 821 1301 902 subsequenti,
1327 822 1386 888 hoc
1409 829 1461 888 est

126 907 208 968 1526
241 921 341 981 anno,
374 906 486 983 quarto
516 902 579 968 kal.
610 905 798 984 septembris
831 908 864 969 in
896 905 1091 988 Hunguriam
1123 926 1192 972 cum
1214 908 1459 976 instructissimo

122 994 333 1058 ducentorum
365 989 496 1054 millium
520 990 658 1055 exercitu
669 991 807 1076 rediens,
823 993 1031 1074 protinusque
1052 999 1261 1075 posteaquam
1286 994 1459 1060 Taurinum
1535 1046 1538 1056 ,

120 1080 285 1153 venisset,
320 1077 501 1158 praemissis
523 1075 675 1160 Bulibego
698 1079 777 1144 duce
800 1079 986 1162 agminibus,
1005 1099 1087 1161 quae
1103 1081 1196 1161 longe
1219 1081 1351 1163 lateque
1370 1083 1461 1149 obvia

121 1185 270 1248 quaeque
294 1169 327 1230 et
347 1163 413 1246 igni
436 1169 469 1228 et
490 1162 573 1229 ferro
596 1163 762 1232 miscentes
785 1165 1062 1246 depopularentur,
1086 1167 1223 1248 indeque
1253 1187 1311 1248 per
1335 1165 1483 1235 omnem

121 1255 323 1319 occasionem
346 1256 380 1316 et
401 1250 566 1332 regnicolis
595 1251 673 1331 ipsis
702 1253 846 1318 timorem
877 1255 1063 1332 incuterent,
1088 1260 1121 1320 et
1143 1253 1222 1320 fines
1244 1273 1318 1322 suos
1342 1275 1458 1338 propa-

121 1345 259 1420 garent3
284 1339 368 1420 quod
390 1343 595 1419 posteaquam
618 1339 753 1420 inclytus
777 1339 849 1405 olim
884 1340 975 1405 diuae
1005 1341 1174 1406 memoriae
1196 1341 1379 1425 Hunguriae
1402 1361 1458 1408 rex

121 1425 306 1492 Ludovicus
329 1424 498 1505 prohibere
529 1425 754 1505 constituisset,
783 1426 858 1492 licet
879 1426 1005 1492 hostem
1029 1433 1062 1492 ct
1084 1427 1182 1510 copiis
1205 1432 1239 1493 et
1261 1431 1371 1508 quovis
1395 1431 1457 1496 alto

120 1514 237 1581 bellico
261 1515 418 1597 apparatu
450 1511 643 1592 superiorem
674 1531 708 1578 se
732 1531 885 1579 essenon
908 1513 1079 1596 ignoraret,
1102 1519 1236 1595 paterna
1259 1513 1459 1582 nihilomiuus

121 1619 255 1666 suorum
290 1597 560 1665 commiseratione
590 1599 711 1679 ductus,
743 1599 794 1664 vix
823 1600 933 1682 viginti
956 1605 1091 1682 quatuor
1114 1601 1252 1666 millibus
1274 1602 1470 1688 instructus,-

120 1689 207 1754 bosti
232 1686 359 1752 obviam
381 1685 437 1765 ire,
462 1689 495 1750 et
516 1685 634 1766 praelio
657 1687 819 1768 cumipse
843 1687 1013 1753 decernere
1036 1687 1207 1766 oonst'tuit,
1232 1706 1290 1756 neo
1312 1697 1458 1771 expecta-

121 1775 163 1840 tis
185 1773 333 1854 caeteris,
364 1790 442 1854 quas
464 1772 497 1836 in
520 1773 614 1838 horas
638 1773 745 1853 plures
775 1775 947 1841 adventare
978 1775 1128 1855 sperabat
1150 1774 1258 1856 copiis,
1282 1775 1373 1842 fatali
1396 1776 1459 1842 for-

121 1881 181 1930 san
204 1860 312 1943 potius
335 1859 526 1926 necessitate
549 1877 641 1940 quam
664 1859 748 1926 iusta
771 1860 876 1941 aliqua
902 1861 977 1928 belli
998 1861 1132 1940 ratione,
1149 1861 1209 1927 hac
1223 1861 1334 1946 exigua
1362 1883 1457 1928 manu

121 1969 156 2014 se
181 1953 250 2013 tam
273 1946 503 2028 potentissimo.
523 1940 606 2012 hosti
636 1947 668 2010 in
694 1965 805 2029 cumpo
828 1947 968 2028 Mohacn
991 1946 1129 2012 infausto
1153 1967 1281 2014 suorum
1303 1951 1457 2033 impulsus

121 2035 263 2118 consilio,
290 2039 418 2099 coactus
442 2038 492 2098 est
506 2042 673 2118 opponere,
693 2034 877 2116 collatisque
893 2035 1019 2100 demum
1042 2051 1111 2098 cum
1126 2033 1217 2102 hoste
1240 2037 1348 2120 signis,
1365 2036 1459 2104 facile
1495 2079 1496 2084 κ

121 2123 226 2204 primo
250 2119 357 2186 statim
377 2121 495 2202 impetu
513 2119 619 2186 hostili
641 2122 785 2202 potentia
806 2122 916 2200 victus,
940 2123 972 2186 in
995 2121 1165 2202 fugamque
1182 2139 1252 2186 cum
1275 2128 1342 2189 toto
1367 2141 1457 2190 exer-

119 2211 190 2275 citu
221 2227 278 2274 suo
310 2211 408 2286 aetus,
439 2207 479 2272 ab
502 2225 613 2290 aequo,
638 2226 699 2288 quo
722 2208 919 2290 gravioribus
942 2209 1037 2274 armis
1060 2209 1188 2274 indutus
1212 2209 1395 2291 uehebatur,
1420 2209 1452 2276 iu

122 2297 264 2362 obversa
286 2294 415 2375 pallude
437 2294 603 2358 concidens
628 2311 798 2375 oppressus
821 2299 880 2360 est.

166 2381 356 2462 Solymanus
388 2381 515 2445 taudem
546 2381 603 2444 tali
631 2381 763 2447 victoria
792 2383 932 2462 potitus,
963 2382 1205 2448 christianorum
1238 2401 1300 2448 non
1336 2383 1456 2450 minore

117 2469 183 2534 hac
205 2469 237 2532 in
262 2473 355 2549 parte
378 2469 557 2534 temeritate
592 2485 685 2548 quam
707 2468 912 2534 infoelicitate
935 2469 1048 2554 derisa,
1073 2471 1180 2536 oblata
1213 2473 1357 2552 protinus
1379 2470 1456 2536 frui-

116 2563 176 2621 tur
205 2555 379 2636 occasione,
409 2553 595 2636 Budamque
617 2555 722 2620 sedem
744 2555 835 2638 regni
858 2557 1028 2636 contendit,
1052 2558 1209 2638 adquam
1233 2575 1302 2622 cum
1325 2557 1456 2640 popula·

117 2642 249 2708 bundus
274 2642 481 2722 pervenisset,
505 2641 652 2722 omnique
674 2643 831 2721 praesidio
855 2643 1040 2708 destitutam
1063 2646 1244 2725 reperisset,
1269 2644 1386 2710 ibidem
1409 2646 1456 2709 ri·

118 2728 205 2812 giuti
226 2727 329 2796 ferme
352 2727 420 2802 dies
444 2745 661 2810 perseverans,
677 2729 846 2810 innateque
862 2730 987 2796 interim
1005 2749 1081 2796 suae
1097 2731 1185 2814 genti
1207 2731 1338 2797 sevitiae
1352 2729 1476 2796 indul-f

119 2834 214 2898 gens,
239 2815 367 2880 diversa
387 2815 528 2896 equitum
551 2815 583 2879 in
606 2815 724 2880 vicinas
749 2817 948 2882 circumcirca
970 2835 1043 2883 oras
1064 2819 1252 2899 praedatum
1275 2817 1379 2884 emisit
1401 2837 1455 2901 ag·

116 2903 215 2986 mina,
252 2901 368 2984 quibus
400 2902 473 2966 huic
509 2902 549 2966 ad
582 2902 747 2967 laurinum
783 2921 873 2984 pene,
897 2903 983 2969 illinc
1004 2921 1081 2970 vero
1102 2906 1142 2970 ad
1167 2904 1329 2970 Tibiscum
1351 2923 1454 2986 usque

115 3007 255 3064 amnem,
291 2989 378 3071 regio
412 2988 512 3054 omnis
536 2989 705 3070 improvisa
729 3008 829 3071 eaque
851 2991 1017 3072 plusquam
1041 2992 1161 3058 crudeli
1183 2992 1387 3075 populatione
1407 2993 1454 3058 ita

116 3082 248 3142 vastata
279 3073 376 3142 fuisse
411 3075 533 3160 dieitur,
568 3081 604 3140 ut
633 3095 729 3157 supra
758 3082 884 3142 centum
907 3085 940 3142 et
962 3078 1189 3160 quinquaginta
1212 3078 1454 3146 christianorum

116 3163 323 3246 promiscuae
347 3162 516 3227 etaetatis
547 3167 580 3228 et
613 3181 706 3228 sexus
741 3164 838 3228 millia
871 3164 986 3245 partim
1020 3167 1168 3230 atrociter
1203 3183 1303 3244 caesa,
1337 3165 1452 3246 partim

116 3269 197 3316 vero
220 3249 254 3314 in
276 3249 489 3314 miserabilem
512 3249 694 3316 servitutem
718 3249 853 3316 abducta
880 3249 978 3316 fuisse
1005 3252 1193 3331 creduntur3
1210 3253 1323 3332 quibus
1339 3257 1384 3317 ltu
1399 3271 1453 3331 ge-

116 3337 186 3416 stis,
210 3343 366 3417 tyrannus
388 3336 457 3416 ipse
480 3341 546 3400 tam
570 3335 691 3401 Budam
717 3355 810 3418 quam
833 3336 895 3402 alia
924 3337 1028 3422 etiam,
1060 3356 1141 3419 quae
1163 3341 1232 3420 ipso
1254 3338 1383 3403 interim
1404 3338 1451 3402 in-

113 3430 169 3489 tra
179 3424 321 3489 Dravum
334 3427 367 3487 et
378 3421 558 3487 Danubium
570 3429 787 3506 occupaverat,
802 3424 869 3489 sine
878 3423 962 3490 omni
970 3425 1096 3506 penitus
1104 3425 1260 3506 praesidio
1270 3424 1451 3506 relinquens

115 3511 198 3596 loca,
222 3511 323 3576 redux
345 3507 521 3574 Bizantium
544 3511 691 3591 perrexit.

162 3597 255 3662 Anno
278 3596 406 3661 tandem
431 3601 513 3660 1529
536 3616 647 3662 rursus
669 3597 702 3661 in
724 3599 901 3664 Pannonias
928 3617 1083 3680 reversus,
1102 3597 1336 3664 celeberrimam
1353 3597 1449 3662 totius

115 3683 269 3750 Austriae
293 3683 402 3749 urbem
424 3683 589 3761 Viennam,
613 3689 702 3749 sexto
732 3685 793 3750 kal.
825 3687 961 3751 octobris
992 3685 1187 3750 validissima
1209 3685 1370 3751 obsidione
1394 3685 1452 3767 (ita

116 3772 203 3853 quod
227 3772 287 3837 sub
311 3770 409 3851 siguis
442 3770 509 3834 suis
540 3772 587 3836 bis
621 3776 753 3836 centena
775 3776 808 3838 et
831 3773 1057 3855 quinquaginta
1078 3773 1211 3838 militum
1233 3771 1382 3837 habuisse
1396 3771 1452 3836 'di-

116 3864 209 3924 catur
245 3857 344 3937 milia)
378 3857 485 3938 cingit,
508 3861 541 3921 et
563 3859 700 3922 omnium
734 3859 835 3940 primo
859 3859 1018 3925 deditione
1041 3863 1164 3924 tentata
1186 3877 1245 3925 nec
1267 3863 1372 3924 temen
1397 3859 1451 3924 ob

117 3952 218 4024 tenta,
244 3945 389 4010 obsessos
423 3943 568 4024 protinus
604 3946 688 4009 omui
720 3951 1018 4028 stratagematorum
1040 3964 1166 4031 genere,
1190 3946 1262 4010 hinc
1283 3945 1449 4012 tormentis

115 4032 243 4098 bellicis
278 4030 365 4096 illinc
387 4049 462 4096 vero
485 4031 702 4096 subterraneis
725 4033 875 4098 cuniculis
899 4037 931 4100 et
952 4031 1164 4099 infestissimis
1199 4032 1332 4098 subinde
1360 4037 1453 4114 urget

116 4117 388 4202 impressionibus,
412 4119 492 4183 adeo
515 4119 598 4198 quod
614 4118 780 4200 plusquam
796 4120 892 4186 vicies
907 4138 1013 4185 muros
1028 4121 1113 4202 ipsos
1129 4119 1271 4198 subiisse,
1289 4118 1451 4198 violesque

117 4225 189 4272 eum
220 4204 343 4287 ingenti
363 4223 493 4271 suorum
516 4209 622 4287 strage
645 4225 664 4270 a
686 4207 849 4272 moenibus
869 4207 1027 4288 repulsam
1049 4224 1163 4287 passus
1186 4205 1285 4271 luisse
1308 4205 1449 4284 dicatur;

116 4299 150 4360 et
181 4293 228 4359 sic
260 4297 333 4372 post
361 4292 479 4357 multos
509 4291 681 4357 identidem
704 4293 856 4374 repetitos
889 4294 995 4358 irritos
1026 4299 1158 4359 conatus
1190 4310 1276 4374 suos,
1312 4289 1452 4373 Solyma·

115 4399 176 4445 nus
199 4379 366 4460 adipsum
397 4377 526 4444 tandem
556 4380 656 4444 octob.
687 4379 768 4462 idus,
800 4379 996 4446 omnimodae
1019 4381 1106 4446 urbis
1130 4397 1185 4460 spe
1206 4377 1386 4457 frustratus,
1411 4395 1450 4443 ox

116 4467 247 4549 suisque
263 4466 428 4547 sexaginta
443 4466 516 4545 plus
531 4465 633 4531 minus
656 4466 793 4532 millibus
817 4467 1013 4552 desideratis,
1038 4467 1201 4534 obsidione
1225 4465 1337 4546 soluta,
1354 4483 1449 4548 aegre

116 4553 259 4620 collectis
283 4552 527 4634 impedimentis,
551 4551 626 4634 fuga
649 4553 744 4618 saluti
767 4553 924 4619 consuluit
946 4571 1031 4620 suae.

158 4640 224 4707 Sed
247 4658 289 4705 ne
313 4657 405 4720 porro
429 4637 567 4720 quipiam
590 4643 637 4704 tot
659 4644 780 4706 ettam
802 4639 997 4706 terribilibus
1013 4640 1088 4725 suis,
1112 4640 1226 4722 quibus
1248 4638 1310 4706 iam
1332 4639 1449 4722 passim

115 4727 254 4794 omnium
276 4725 370 4792 facile
401 4725 641 4793 admirationem
673 4726 705 4792 in
728 4745 763 4794 se
786 4731 995 4810 converterat,
1019 4745 1057 4794 ex
1079 4745 1142 4796 uua
1164 4733 1228 4795 tam
1251 4727 1336 4809 turpi
1359 4727 1449 4793 dece·
