3370 5166
309 271 371 334 206

309 493 384 543 νοτε
408 475 435 540 si
456 491 564 556 possa.
585 474 728 541 Fettemi
749 471 925 554 intendere,
947 472 995 540 ch’
1018 473 1050 541 io
1073 491 1127 540 ero
1149 477 1268 542 venete
1291 473 1359 541 sole
1382 491 1441 557 per
1463 471 1643 542 conoscervi

309 561 600 645 presentialmeute,
633 565 667 628 εῖ
697 579 805 629 essere
836 578 894 626 eon
917 561 968 626 rei
990 579 1049 642 per
1073 559 1213 644 alquanti
1237 559 1279 638 dl,
1303 562 1364 642 poi,
1387 562 1566 645 rigrantiati
1588 581 1642 645 pu·

310 649 510 729 blicamente,
534 649 718 716 repentiare
741 648 762 713 l’
786 645 891 716 officio
913 665 971 729 per
993 647 1005 712 i
1026 646 1150 731 bisogni
1175 647 1233 715 che
1253 647 1376 716 havevo
1393 649 1424 714 di
1439 649 1597 716 ritemare
1613 655 1643 715 et

310 754 418 802 essere
443 754 462 801 a
484 752 559 802 caso
581 741 615 802 et
637 735 701 800 alla
723 735 838 818 patria,
861 753 924 801 non
947 734 1116 818 toleraste3
1139 753 1192 800 ma
1214 735 1236 800 il
1260 735 1385 820 salario,
1410 754 1473 812 nen
1494 753 1573 818 pure
1588 754 1642 818 per

310 823 411 890 darmi
426 823 459 887 in
474 829 566 904 parte
581 822 727 906 maggior
749 823 843 888 mode
866 823 906 888 de
928 828 1021 904 poter
1043 827 1129 888 stare
1151 841 1204 888 ma
1219 822 1358 890 anchora
1373 841 1431 904 per
1444 822 1642 902 honororme,

310 913 505 977 accresceste
529 929 548 975 ε
570 910 675 992 quella
697 928 828 988 summa,
852 909 911 975 elre
932 927 994 974 non
1016 909 1079 975 mai
1101 909 1207 974 avanti
1231 909 1419 976 cancelliero
1441 910 1566 976 havera
1588 910 1642 975 ha-

310 1005 385 1062 rnto
407 997 440 1061 in
463 1003 577 1077 questa
606 997 692 1082 aitte,
723 1015 763 1063 ne
784 995 868 1062 forse
890 1001 1017 1078 sperate
1042 995 1072 1062 d’
1089 996 1222 1079 havere,
1246 1006 1280 1062 et
1302 998 1334 1062 in
1357 1014 1431 1064 esse
1454 993 1572 1081 officio,
1597 997 1641 1062 di·

311 1085 464 1166 apostemi
486 1085 591 1150 aventi
615 1087 685 1150 anzi
707 1084 814 1167 legate
838 1083 919 1150 cella
941 1089 1049 1149 vostra
1071 1083 1310 1150 amorevelozza
1332 1084 1373 1150 ad
1396 1089 1566 1167 accettare,
1584 1101 1641 1165 ρετ

311 1171 385 1237 enni
413 1171 556 1238 nescritti
586 1189 644 1253 per
666 1189 854 1238 conservare
876 1171 908 1238 le
929 1171 1023 1254 leggi,
1046 1189 1098 1236 ma
1123 1171 1395 1253 perpetualmente
1417 1189 1458 1237 ne
1480 1171 1525 1255 gli
1547 1171 1640 1238 animi

310 1259 409 1325 vostri
437 1256 663 1341 confermast03
687 1278 707 1325 a
729 1258 791 1324 mie
820 1257 929 1325 favore
951 1277 994 1323 un
1016 1258 1078 1322 mie
1102 1262 1233 1340 parente
1255 1277 1318 1326 nou
1331 1257 1457 1326 reduto
1481 1277 1522 1324 ue
1546 1275 1641 1324 ceno·

310 1346 411 1411 sciuto
432 1351 554 1412 eccetto
578 1346 635 1412 che
658 1364 715 1427 per
745 1346 808 1412 mia
830 1345 998 1428 relacione,
1022 1345 1053 1410 al
1069 1345 1142 1426 qual
1165 1346 1231 1412 sele
1254 1352 1288 1412 et
1310 1345 1431 1413 diceste
1453 1345 1586 1412 credere
1611 1350 1642 1411 et

310 1433 454 1498 credeste
476 1433 685 1514 pienemeute,
707 1432 741 1498 in
755 1437 935 1514 precettere
950 1432 1074 1515 publico
1096 1437 1292 1512 accetteste3
1316 1451 1366 1500 me
1390 1433 1422 1498 di
1446 1432 1522 1513 quel
1538 1433 1640 1513 spatio

310 1519 343 1585 di
364 1523 479 1604 tempo,
504 1519 561 1586 ohe
584 1519 626 1584 mi
657 1519 813 1586 accedero
835 1539 856 1586 a
877 1520 1035 1585 ritomare
1064 1525 1097 1584 et
1120 1537 1226 1586 essere
1250 1538 1270 1585 a
1292 1537 1376 1602 casa,
1399 1519 1640 1603 gratiosissima-

309 1623 416 1672 mente
437 1607 664 1690 commodaste;
695 1624 754 1674 eon
784 1605 992 1690 grandissimo
1023 1606 1087 1673 lodi
1110 1612 1144 1671 et
1167 1605 1251 1672 nelle
1271 1612 1377 1674 νοεῖτε
1398 1611 1548 1688 ρτοροεῖε
1571 1607 1640 1673 nei

310 1693 441 1775 consigli
464 1699 497 1759 et
517 1691 598 1760 fuori
620 1699 653 1760 εῖ
673 1693 707 1758 in
727 1709 805 1760 voce
827 1698 860 1760 εῖ
879 1711 920 1760 ne
943 1693 1043 1760 scritti
1067 1698 1100 1760 et
1122 1693 1207 1758 nelle
1228 1691 1344 1760 lettere
1366 1693 1517 1776 publiehe
1533 1695 1638 1760 scritte

310 1780 373 1846 ella
405 1780 469 1845 mia
503 1780 606 1862 patrie
638 1780 820 1864 honoraste,
856 1786 890 1846 et
922 1797 980 1846 con
1002 1779 1078 1846 tutti
1100 1782 1110 1845 i
1133 1778 1235 1846 favori
1256 1799 1275 1846 o
1299 1780 1474 1848 desiderati
1497 1800 1517 1849 ο
1540 1780 1639 1863 petuti

309 1867 482 1950 imaginare
506 1886 524 1934 e
545 1869 578 1932 in
602 1867 714 1950 parole
735 1887 754 1934 ε
775 1868 808 1932 in
838 1866 910 1934 fatti
940 1873 1076 1947 ernaste,
1101 1885 1238 1953 sempre,
1261 1866 1336 1949 qual
1359 1867 1418 1934 che
1440 1868 1639 1935 ematissime

311 1959 345 2020 et
367 1953 612 2022 cumulatissime
628 1972 693 2040 era,
710 1973 750 2022 ne
772 1955 803 2021 el
818 1955 930 2021 merito
959 1954 1021 2020 mie
1044 1973 1084 2020 ne
1106 1954 1136 2020 al
1159 1959 1266 2022 vestre
1290 1954 1448 2022 desiderio
1470 1953 1571 2021 hever
1594 1974 1639 2020 so-

311 2038 440 2107 disiatto
470 2041 601 2108 dicendo
615 2047 663 2108 'et
692 2041 872 2120 scrivend03
896 2040 947 2107 un’
972 2041 1054 2108 altra
1085 2041 1172 2108 velta
1194 2058 1254 2124 ρετ
1276 2040 1405 2108 Vinetia
1427 2045 1460 2108 et
1482 2041 1537 2106 uu'
1561 2042 1638 2108 altre

311 2128 448 2195 anchora
474 2146 531 2210 per
559 2129 592 2194 la
613 2129 716 2211 patria
738 2128 770 2194 di
792 2129 912 2195 licenza
942 2133 1061 2211 quanta
1076 2129 1235 2195 desiderai
1258 2129 1489 2211 eempiacesta3
1514 2134 1547 2196 at
1569 2129 1638 2196 rite·

311 2220 388 2281 nuto
411 2214 463 2281 dai
484 2214 607 2299 negocii
628 2215 683 2298 pin
706 2215 738 2280 di
760 2216 833 2299 quel
855 2215 901 2281 ch'
925 2214 954 2282 ie
977 2215 1100 2282 havere
1123 2221 1254 2297 sperato
1280 2222 1313 2282 εῖ
1334 2216 1417 2283 oltra
1441 2216 1473 2282 al
1496 2217 1636 2298 termine,

311 2301 358 2368 ch’
381 2303 412 2368 ie
435 2307 537 2369 stesso
559 2320 600 2368 ne
621 2301 742 2369 havere
772 2303 851 2370 tolte
879 2321 936 2384 per
952 2321 1021 2370 esse
1043 2302 1171 2382 licenze,
1194 2303 1332 2386 benigna
1354 2308 1388 2369 et
1410 2303 1637 2370 amorevolissi-

310 2394 469 2456 mamente
502 2394 714 2472 aepportaste.
751 2390 872 2468 Questa
903 2390 1015 2456 ultima
1043 2391 1130 2456 volta
1162 2388 1206 2454 lin
1228 2389 1281 2472 qui
1304 2390 1446 2457 dovendo
1469 2389 1588 2468 venire,
1611 2395 1659 2460 att

311 2476 446 2544 essendo
469 2477 509 2542 da
531 2478 582 2542 vei
604 2481 764 2559 aspettate
787 2476 819 2542 di
841 2477 951 2559 giorno
973 2478 1007 2542 in
1029 2477 1148 2560 giorno,
1171 2481 1288 2543 veneta
1310 2475 1364 2543 all'
1380 2477 1523 2544 incontre
1540 2495 1637 2542 nuova

311 2564 433 2650 (lodato
461 2563 485 2629 il
514 2581 633 2630 somme
663 2568 696 2632 et
725 2563 835 2631 ettimo
864 2563 969 2650 iddio)
1003 2563 1085 2632 falsa
1107 2569 1141 2630 at
1162 2563 1326 2648 bugierde,
1350 2582 1402 2630 ma
1423 2583 1504 2647 pure
1526 2564 1569 2631 da
1589 2563 1635 2646 pin

311 2651 416 2718 bande
448 2650 643 2717 confermata
664 2656 698 2716 εῖ
719 2651 969 2732 probabilmente
1003 2653 1143 2735 creduta,
1178 2650 1226 2717 eh’
1250 2651 1260 2716 i
1284 2669 1339 2717 ero
1361 2656 1446 2718 stote
1469 2669 1566 2733 prese
1588 2671 1658 2716 νε»

312 2738 415 2804 nendo
438 2742 471 2804 et
491 2737 598 2804 uocise
621 2737 663 2803 da
685 2738 816 2818 cereali3
839 2737 899 2804 Die
921 2739 1098 2805 immortale
1121 2743 1238 2820 quanto
1262 2737 1437 2821 dispiaeere
1452 2743 1572 2819 quante
1588 2739 1634 2804 de·

312 2825 378 2892 lore
408 2824 522 2892 havete
553 2830 586 2890 εῖ
614 2823 740 2906 publiea
769 2830 801 2904 et
822 2824 1063 2907 privatamente,
1081 2830 1114 2892 et
1137 2825 1253 2892 sentito
1276 2843 1316 2890 ne
1339 2826 1349 2889 i
1372 2827 1472 2892 vostri
1495 2825 1590 2891 animi
1610 2829 1636 2888 et

311 2912 344 2978 in
371 2912 447 2978 tutti
468 2912 478 2976 i
500 2912 585 2978 medi
616 2930 760 2994 espresso
791 2917 825 2976 οῖ
855 2912 1050 2994 dimostrato,
1080 2913 1131 2979 uei
1152 2913 1254 2994 prima
1276 2917 1309 2978 et
1332 2913 1414 2994 depo
1437 2912 1489 2978 vei
1510 2916 1594 2978 tutto
1617 2911 1633 2973 'l

311 3003 399 3065 resto
428 2998 512 3065 della
542 3000 634 3084 citra,
665 2999 688 3064 l’
710 3018 753 3064 un
784 3017 873 3066 sesso
906 3004 938 3066 et
959 2999 981 3064 l'
1003 3000 1094 3075 altre,
1117 2999 1190 3082 ogni
1221 2998 1319 3082 gredo
1343 2999 1375 3064 di
1397 3016 1545 3084 persone,
1571 2998 1657 3082 egui¹

312 3085 510 3167 conditione,
534 3086 607 3169 ogni
640 3090 702 3152 ete.
717 3151 720 3162 .
735 3086 777 3152 Di
808 3085 865 3153 che
895 3086 926 3152 io
948 3087 1113 3153 verissime
1135 3091 1169 3152 et
1189 3086 1479 3169 pienissimamente
1503 3091 1538 3152 et
1560 3085 1635 3152 dalla

281 3191 282 3196 ¹
312 3173 465 3240 memoria
487 3173 572 3239 della
594 3173 727 3255 pristina
750 3178 783 3240 et
805 3178 968 3240 constante
997 3179 1105 3242 vestra
1120 3174 1332 3240 benevelenua
1354 3193 1446 3239 verse
1470 3173 1502 3238 di
1523 3190 1585 3249 me,
1610 3178 1635 3238 et

311 3261 353 3326 da
384 3260 435 3326 vei
469 3261 573 3340 stessi,
596 3279 659 3327 nou
682 3261 714 3326 di
737 3279 772 3328 se
795 3261 906 3326 alcone
929 3279 982 3325 ma
1004 3261 1024 3324 l'
1048 3280 1089 3326 un
1113 3259 1186 3326 dell'
1210 3261 1291 3326 altro
1315 3261 1548 3328 sinceramente
1571 3278 1633 3324 nar·

312 3347 412 3414 rande
436 3352 470 3412 et
491 3345 690 3414 testificando
720 3353 754 3414 et
783 3348 823 3414 da
845 3348 920 3414 tutti
942 3349 953 3412 i
975 3346 1190 3424 forastieriet
1214 3347 1256 3413 da
1276 3347 1288 3412 i
1309 3347 1383 3415 miei
1405 3345 1553 3414 familiari
1576 3347 1633 3411 ciet

311 3434 322 3499 i
344 3434 486 3501 sustituti
508 3433 579 3500 nell'
599 3433 704 3502 uifieio
727 3452 804 3500 sono
826 3433 994 3501 informato
1018 3441 1051 3501 et
1072 3433 1254 3502 finalmente
1276 3452 1335 3516 ρετ
1357 3453 1408 3500 me
1431 3439 1537 3501 stesso
1560 3433 1633 3499 lette

312 3528 398 3588 certo
420 3539 477 3603 ρετ
499 3521 671 3588 altretanta
694 3522 822 3588 diversa
844 3540 901 3604 per
923 3521 1046 3588 diverso
1079 3521 1277 3588 avenimente
1300 3539 1352 3588 ma
1375 3521 1460 3587 dalla
1482 3521 1634 3588 medesma

313 3609 549 3676 amorevelezza
570 3609 762 3690 procedente
784 3608 929 3690 passione
951 3609 1229 3690 presentialmente
1252 3610 1293 3675 da
1314 3627 1366 3674 me
1388 3610 1507 3676 veduta
1524 3613 1558 3674 et
1572 3625 1632 3673 sen·
1654 3629 1655 3650 ³

312 3695 372 3761 tita
401 3697 434 3760 in
464 3695 531 3775 vei;
563 3698 630 3763 ciod
661 3713 724 3760 una
754 3695 844 3778 quasi
866 3695 1018 3762 immensa
1041 3696 1226 3778 allegrezza,
1251 3695 1309 3762 che
1332 3696 1394 3762 allo
1417 3697 1586 3777 improvise
1607 3699 1633 3758 et

311 3782 473 3864 insperate
506 3783 569 3848 mio
602 3782 736 3866 gluoger
767 3801 844 3848 sano
879 3788 913 3848 et
942 3783 1028 3849 salvo
1051 3783 1082 3848 di
1106 3784 1167 3864 qud
1188 3783 1307 3862 udiste3
1331 3789 1363 3849 et
1386 3783 1516 3849 intuiti
1541 3783 1550 3846 i
1574 3781 1632 3858 atti,

312 3868 422 3952 effetti,
447 3869 586 3936 maniere
609 3871 811 3936 dimostraste
832 3870 1098 3936 modesmamente
1120 3871 1205 3954 tutti,
1229 3871 1424 3936 eorrendomi
1447 3887 1527 3951 gran
1551 3867 1654 3950 spatii

311 3956 455 4022 incontra
483 3956 602 4042 picoeli,
633 3957 756 4038 grandi,
785 3955 919 4039 gioram,
940 3957 1066 4040 numm,
1097 3957 1223 4038 publici,
1257 3957 1382 4038 privati,
1406 3957 1483 4022 niun
1505 3958 1630 4038 rispetto

311 4063 330 4109 e
353 4042 405 4109 all’
429 4047 483 4110 ete
504 4062 522 4109 o
546 4044 608 4110 alla
630 4043 760 4125 legnice
781 4061 839 4109 sua
860 4042 1003 4111 havendo
1026 4041 1138 4110 aleune
1162 4045 1193 4110 di
1216 4046 1275 4124 vei,
1293 4043 1579 4122 abbraeciandomi,
1594 4048 1631 4106 te·

310 4131 414 4198 nendo
437 4135 560 4214 stretto,
585 4136 619 4197 et
640 4150 703 4198 non
724 4131 861 4213 petendo
883 4149 942 4209 per
960 4132 1065 4197 buona
1087 4150 1184 4213 pezza
1205 4129 1363 4198 lesciarmi
1386 4151 1404 4197 a
1428 4131 1564 4214 pariare,
1582 4131 1628 4194 im·
1652 4201 1653 4226 χ

310 4217 409 4300 pediti
433 4218 474 4283 da
497 4217 602 4300 quella
624 4218 788 4285 severchia
809 4217 910 4284 letitia
933 4219 984 4284 del
1007 4217 1173 4284 rivedermi
1196 4237 1214 4284 ο
1238 4219 1327 4300 quasi
1351 4215 1424 4284 dell'
1440 4217 1581 4284 havermi
1598 4215 1653 4279 ri*

311 4313 470 4387 caperato,
495 4311 529 4370 et
551 4305 727 4390 piangendo
751 4306 792 4371 da
813 4309 989 4390 tenerezzo,
1007 4311 1040 4371 et
1055 4323 1112 4386 ρετ
1134 4305 1223 4371 molti
1246 4305 1278 4370 dl
1301 4323 1365 4370 nen
1386 4305 1417 4370 vi
1440 4305 1584 4370 satiando
1605 4301 1629 4366 di

310 4393 449 4458 mirarmi
479 4397 512 4458 et
542 4393 573 4458 di
597 4411 704 4460 essere
734 4409 791 4457 eon
822 4409 882 4465 me,
921 4393 1012 4475 quasi
1049 4391 1135 4458 dubii
1173 4392 1311 4458 anchore
1347 4410 1406 4474 per
1442 4391 1475 4456 la
1511 4391 1652 4480 impres,

310 4481 399 4547 siene
421 4479 453 4546 di
475 4480 582 4560 quella
604 4483 721 4548 veneta
743 4483 776 4546 εῖ
797 4479 928 4546 creduto
950 4479 1034 4545 mala
1057 4497 1160 4546 nuova
1183 4479 1214 4544 di
1237 4497 1297 4559 ma,
1316 4479 1454 4546 tercenti
1470 4478 1525 4560 pio
1541 4479 1626 4559 lunga
1651 4481 1652 4556 l

311 4572 344 4630 et
365 4569 419 4648 piu
442 4573 529 4633 certa
558 4567 685 4648 ripreva
715 4564 747 4630 di
777 4583 851 4632 essa
879 4566 963 4631 dalla
992 4566 1056 4632 mie
1077 4585 1239 4648 presenza
1264 4572 1297 4632 et
1318 4584 1376 4648 per
1398 4564 1585 4632 certificarvi
1606 4567 1629 4628 et

312 4655 484 4740 consolare,
508 4653 556 4720 eh’
578 4653 608 4721 io
630 4652 711 4720 iussi
734 4651 814 4720 vivo.
837 4653 881 4720 Et
903 4653 936 4720 al
957 4657 1105 4736 presente
1127 4653 1262 4722 tuttevia
1284 4653 1376 4735 quasi
1390 4652 1500 4721 niente
1516 4653 1570 4738 pin
1584 4669 1628 4717 an·
