3322 5174
1358 317 1416 380 181

104 522 260 590 victissimo
278 521 516 604 triumphatoris
535 522 643 588 christi
660 521 775 588 vexillo
786 521 1021 600 contenderent,
1031 538 1094 602 quo
1105 520 1244 586 unanimi
1256 537 1420 606 consensu,

103 609 206 676 mutuis
228 607 396 692 suffragiis,
419 609 634 675 communibus
656 613 689 676 et
710 608 877 690 praesidiis
901 612 934 673 et
949 606 1184 689 commeatibus,
1201 613 1311 673 contra
1335 607 1420 674 hunc

102 715 194 776 mum,
216 714 279 762 non
302 701 426 760 tantum
449 696 499 760 vel
521 698 605 762 vitae
639 695 688 761 vel
710 694 918 778 fortunarum,
954 695 1011 760 sed
1034 701 1100 759 tum
1125 699 1346 760 sacrosanctae
1369 715 1419 762 re·

101 783 221 864 igionis,
245 787 312 847 tum
334 783 507 848 animarum
530 788 708 848 nostrarum
731 781 967 862 atrocissimum,
984 781 1058 847 totti
1073 780 1242 847 christiano
1266 782 1334 847 orbi
1357 801 1420 848 non

103 871 162 936 sine
183 870 317 936 maximo
348 876 396 934 tot
417 870 706 950 potentissimorum
738 868 927 933 christianae
956 866 1156 934 monarchiae
1179 885 1343 950 procerum
1365 869 1419 934 de·

101 960 199 1037 spectu
217 957 432 1032 insultantem,
449 973 568 1024 necnon
591 956 631 1022 ob
655 955 776 1021 esculos
799 959 847 1020 tot
867 955 991 1036 inclytis
1012 955 1141 1036 regibus
1163 960 1197 1020 et
1216 953 1419 1037 principibus,

100 1044 127 1108 in
146 1043 194 1123 pia
217 1060 361 1124 quaeque
384 1043 627 1109 christianorum
649 1047 781 1124 pectora
804 1042 1047 1123 desaevientem,
1071 1042 1098 1106 si
1120 1059 1183 1107 non
1204 1061 1242 1108 ex
1265 1047 1333 1108 tota
1354 1041 1420 1107 Eu·

101 1148 168 1210 ropa
190 1130 285 1210 (quod
308 1135 341 1194 et
363 1130 466 1210 ipsum
489 1130 615 1211 quidem
637 1129 742 1194 divino
765 1129 910 1194 invocato
933 1126 1093 1212 suffragio,
1116 1133 1164 1195 tot
1186 1132 1220 1194 ot
1240 1129 1340 1196 tantis
1361 1147 1420 1211 per

103 1216 297 1295 deigratiam
320 1216 506 1293 monarchis,
536 1215 622 1282 factu
645 1213 774 1280 difficile
804 1233 867 1280 non
890 1217 950 1295 est)
973 1235 1012 1281 ex
1035 1215 1103 1280 sola
1124 1221 1232 1280 tamen
1255 1214 1419 1299 Hungaria

101 1303 248 1382 duntaxat,
271 1303 397 1366 interim
420 1303 571 1368 eiicerent
588 1303 719 1384 hostem,
743 1307 776 1368 et
798 1302 897 1368 semel
920 1320 990 1366 cum
1013 1301 1094 1367 serio
1119 1300 1234 1367 effectu
1257 1321 1314 1384 pro
1337 1320 1419 1368 sem-

100 1407 156 1471 per,
177 1389 367 1456 tricesimam
390 1395 446 1454 aut
468 1390 759 1472 quinquagesimam
786 1389 899 1453 saltem
921 1393 1044 1470 partem
1079 1407 1197 1466 eorum,
1221 1407 1302 1470 quae
1326 1393 1417 1471 qnot-

100 1476 177 1541 annis
199 1476 315 1558 inclyta
337 1475 497 1541 austriaca
527 1477 637 1540 domus
670 1494 726 1556 pro
749 1475 948 1562 reprimenda
971 1473 1115 1540 hincinde
1139 1481 1205 1539 tum
1228 1481 1315 1542 terra
1349 1481 1417 1542 tum

99 1563 167 1628 mari
188 1563 267 1628 tanti
288 1563 414 1644 tyranni
435 1564 583 1643 potentia,
607 1579 727 1643 proque
743 1561 943 1628 defendenda
964 1562 1061 1626 totius
1084 1562 1248 1628 christiani
1271 1563 1355 1628 orbis
1371 1563 1419 1628 iu·

99 1649 181 1727 sota,
203 1649 387 1730 impendere
408 1649 498 1728 solet,
521 1649 635 1733 singuli
658 1651 689 1712 in
712 1667 874 1714 commune
897 1647 1094 1732 conferendo,
1117 1649 1253 1730 indeque
1285 1649 1416 1716 validis·

99 1735 166 1801 simo
187 1736 291 1816 ahquo
315 1741 389 1814 (non
412 1736 453 1800 ad
475 1754 571 1800 unum
594 1736 708 1802 saltem
731 1735 970 1800 tumultuarium
992 1735 1170 1816 quodpiam,
1183 1737 1250 1802 sed
1266 1737 1309 1802 ad
1324 1737 1418 1818 plura

100 1821 127 1886 in
156 1841 274 1888 omnem
308 1823 472 1903 utrisquae
504 1821 650 1888 fortunae
684 1829 842 1904 eventum,
875 1822 1130 1903 necessitathue
1164 1823 1318 1889 rationem
1340 1823 1416 1890 belli

100 1914 236 1986 mutante,
261 1909 434 1980 identidem
457 1911 629 1990 repetenda
652 1915 685 1975 et
706 1909 908 1990 subroganda
923 1909 1051 1990 praelia,
1069 1912 1246 1990 conscripto
1262 1910 1414 1993 exercitu,

100 2013 132 2060 en
151 1997 243 2061 todus
267 1996 448 2062 Pannoniae
470 1997 544 2076 oris,
569 2002 602 2064 et
623 1995 782 2077 parcendo
803 1997 962 2076 subiectis,
986 2001 1019 2061 et
1041 1995 1228 2063 debellando
1253 1999 1416 2078 superbos,

99 2082 164 2161 quia
183 2082 260 2148 haec
282 2088 332 2150 est
355 2083 566 2165 (proutsbene
594 2083 671 2148 dixit
689 2079 755 2166 illc)
779 2082 811 2146 in
833 2083 961 2150 summis
982 2083 1084 2165 glorie
1106 2102 1229 2151 summa
1250 2085 1335 2164 viris,
1359 2084 1417 2150 eii·

98 2183 170 2246 cere,
193 2175 224 2235 et
244 2175 311 2235 tam
333 2169 532 2250 Germaniae,
563 2189 656 2251 quam
685 2169 863 2254 Bohemiae,
888 2167 1073 2248 Sarmatiae,
1100 2169 1225 2236 Galliae
1249 2177 1281 2236 et
1303 2171 1416 2236 Italiae

98 2260 190 2320 atam
210 2255 415 2322 infestissimo
435 2255 596 2321 christiani
614 2256 745 2322 nominis
761 2255 863 2337 hoste,
881 2262 1020 2337 optatam
1035 2257 1167 2325 multum
1192 2256 1308 2338 diuque
1330 2257 1413 2323 desi-

98 2339 236 2426 deratam,
262 2349 296 2410 et
317 2343 508 2424 quotidianis
531 2343 699 2408 multorum
721 2343 883 2410 altissimis
906 2343 1050 2425 suspiriis
1072 2347 1168 2423 atque
1185 2344 1264 2410 adeo
1280 2344 1413 2426 profun-

98 2427 215 2494 doribns
246 2430 340 2514 longe
369 2430 524 2513 lacrymis,
548 2449 567 2494 a
589 2431 648 2496 deo
679 2437 742 2510 opt.
773 2449 854 2496 max.
882 2428 1097 2512 efflagitatam,
1121 2449 1182 2494 non
1205 2435 1415 2513 prorogarent

97 2515 232 2584 evincere
254 2529 374 2597 pacem.
1006 2557 1008 2560 ·

135 2601 235 2685 Porro,
271 2603 525 2686 quandoquidem
559 2609 593 2669 et
625 2620 734 2670 sacrae
767 2623 830 2669 non
864 2604 924 2668 nisi
957 2623 1015 2690 pro
1040 2605 1253 2670 conservando
1275 2605 1359 2670 insto
1381 2609 1416 2672 et

97 2705 189 2770 aequo
218 2691 367 2756 inventae
385 2696 459 2755 sunt
480 2690 578 2773 leges,
601 2697 635 2757 et
656 2691 740 2756 bella
762 2691 833 2772 ipsa
855 2709 892 2756 eo
916 2689 1096 2772 cumprimis
1119 2692 1258 2772 gerenda
1281 2693 1415 2757 credun-

96 2779 142 2839 tur
171 2776 240 2857 fine,
261 2783 298 2842 ut
328 2784 360 2842 et
389 2777 512 2858 legibus
542 2776 613 2856 frui,
645 2783 678 2843 et
707 2781 811 2859 patria
832 2779 972 2858 gaudere
994 2778 1126 2844 licerent
1147 2779 1305 2844 libertate.
1332 2779 1411 2858 Quis

96 2878 202 2942 quaeso
234 2865 293 2930 nisi
323 2864 383 2930 diis
411 2863 531 2945 pariter
560 2869 593 2929 et
621 2864 798 2931 hominihus
816 2865 946 2944 invisus,
966 2870 1032 2930 tam
1055 2865 1257 2931 iustissimum
1280 2871 1412 2948 tamque

96 2949 146 3013 toti
175 2951 345 3018 christiano
379 2951 448 3016 orbi
478 2950 678 3016 utilissimum
709 2951 937 3017 detractaverit
967 2951 1100 3031 hellnm;
1121 2953 1317 3034 potissimum
1341 2971 1413 3019 cum

96 3031 140 3100 hic
160 3039 262 3102 nuilus
285 3039 327 3105 sit
348 3037 508 3120 religionis
529 3039 641 3118 pudor,
653 3039 740 3103 nulla
763 3038 934 3104 communis
955 3038 1085 3119 periculi
1101 3040 1193 3115 ratio,
1209 3058 1267 3121 pro
1283 3058 1321 3105 eo
1338 3059 1414 3125 rege

96 3119 153 3201 (cui
173 3125 254 3206 quod
276 3143 445 3207 regnamus
476 3123 646 3204 christiani,
679 3126 763 3206 quod
785 3125 917 3190 vivimus
940 3131 1112 3207 etaemus,
1137 3126 1227 3192 unice
1250 3133 1413 3208 acceptum

95 3207 203 3276 referre
224 3216 257 3278 et
280 3212 421 3294 cogimur
444 3216 476 3276 et
498 3211 664 3294 dehemus)
688 3211 895 3292 potisshnum,
912 3217 1120 3294 posteaquam
1143 3213 1204 3278 illis
1227 3212 1305 3294 ipsis
1328 3231 1412 3279 cum·

94 3295 189 3374 primis
211 3302 354 3381 optatam
376 3297 478 3364 soleat
500 3298 639 3365 tribuere
661 3298 807 3378 palmam,
831 3298 944 3379 quibus
967 3303 1000 3363 et
1022 3300 1137 3364 iustam
1153 3299 1334 3366 certaminis
1357 3301 1411 3366 de-

95 3383 232 3450 stinasset
254 3386 371 3463 aleam;
399 3385 455 3451 sed
477 3385 547 3466 quis
567 3390 617 3450 est
631 3385 715 3469 item,
740 3384 793 3467 qui
815 3403 872 3466 pro
895 3385 1088 3451 nobilissimo
1112 3404 1211 3469 eoque
1234 3385 1411 3453 fortissimo

94 3465 251 3554 hungarico
285 3475 409 3537 certare
431 3476 464 3538 et
496 3471 703 3537 solertissima
737 3489 825 3537 arma
858 3491 1013 3538 summere
1047 3472 1238 3538 dubitaverit
1271 3475 1388 3554 populo
1403 3483 1431 3539 :⁸

95 3556 137 3619 cui
165 3563 251 3626 tanto
285 3564 351 3624 tam
383 3559 467 3624 vitae
500 3577 593 3639 qnam
626 3557 823 3624 fortunarum
855 3559 994 3640 periculo
1029 3559 1190 3641 perpetuis
1213 3561 1410 3640 temporibus

95 3641 251 3712 christiana
281 3645 423 3711 constitit
451 3644 571 3728 religio,
602 3651 719 3726 quanta
747 3645 780 3709 iu
808 3645 993 3712 hodiernum
1015 3663 1117 3728 usque
1139 3646 1221 3712 diem
1254 3653 1303 3713 tot
1325 3647 1411 3713 clare

94 3725 265 3811 inclytorum
289 3732 422 3814 (utnon
445 3733 545 3798 dicem
567 3731 626 3796 hoc
647 3733 708 3798 loci
731 3731 771 3798 de
794 3732 863 3797 aliis
885 3731 1023 3810 infinitis
1046 3733 1120 3798 inde
1143 3751 1162 3797 a
1181 3732 1280 3816 primo
1303 3735 1411 3801 statim

95 3813 121 3877 in
140 3816 332 3902 Hnngariam
356 3823 499 3884 assertae
523 3817 715 3884 christianae
737 3818 897 3900 religionis
919 3820 1056 3900 exordio,
1074 3819 1317 3886 clarissimorum
1334 3841 1412 3903 quo·

94 3919 212 3986 mmqne
233 3906 267 3970 in
289 3905 469 3987 particulari
491 3905 625 3970 militum
643 3906 793 3989 millibus)
809 3911 873 3970 tam
896 3925 1006 3989 regum
1028 3924 1121 3988 quam
1144 3906 1274 3972 aliorum
1297 3909 1410 3990 princi·

94 4005 159 4068 pum
180 3993 330 4074 virorum,
361 4011 419 4072 per
449 3991 611 4058 christiani
633 3993 766 4058 nominis
790 3992 898 4058 hostes
921 3993 1004 4058 edita
1029 3999 1189 4059 testantur
1210 3992 1331 4079 funera,
1355 3996 1408 4077 qui

95 4075 193 4159 dignos
224 4079 329 4162 gentis
362 4097 439 4145 snae
470 4079 598 4160 spiritus
629 4085 800 4158 sumentes,
828 4079 996 4145 voluerunt
1018 4099 1087 4146 eam
1108 4080 1209 4160 ipsam
1230 4080 1408 4147 certaminis

95 4161 185 4230 aleam
208 4166 310 4248 sequi,
332 4166 416 4231 unde
449 4183 484 4231 so
506 4165 650 4232 fortunae
671 4166 776 4247 potins
797 4165 969 4247 poenitere,
993 4185 1086 4248 quam
1108 4167 1256 4232 victoriae
1289 4168 1409 4249 pudere

94 4252 190 4330 possit.
213 4253 264 4318 Ea
285 4256 427 4335 propter,
450 4251 572 4318 nonnmi
594 4251 680 4316 illam
702 4254 835 4332 omnino,
859 4271 952 4333 quam
975 4273 994 4318 a
1016 4254 1187 4319 maioribus
1205 4255 1270 4319 suis
1284 4253 1410 4320 heroica

94 4337 198 4405 virtute
214 4345 337 4420 partam
361 4340 567 4420 accepissent,
583 4339 762 4420 posteritati
786 4358 863 4404 suae
886 4359 956 4405 cnm
978 4340 1107 4406 foenore
1130 4339 1309 4419 relinquere
1325 4345 1408 4406 sata·

94 4429 192 4502 gentes
224 4427 366 4510 gloriam,
402 4427 571 4492 noluerunt
605 4425 667 4492 illis
689 4426 765 4507 ipsis
796 4426 924 4512 servire,
949 4445 1083 4508 quorum
1106 4445 1145 4492 ne
1168 4445 1259 4508 reges
1282 4426 1409 4506 quidem

95 4509 314 4580 desiderassent
347 4530 427 4594 esse,
460 4512 517 4578 sed
545 4512 650 4594 potius
681 4519 714 4578 et
735 4518 967 4579 sacrosanctam
989 4513 1190 4579 christianam
1212 4513 1407 4596 religionem,
1504 4537 1506 4546 ⁴

94 4594 166 4665 ritae
187 4605 220 4666 et
241 4599 539 4684 turpissimaealias
555 4617 749 4683 paganorum
765 4600 918 4680 servituti,
943 4601 1142 4680 quantumvis
1158 4600 1408 4668 accerbissimam

93 4687 275 4764 pertulerunt
307 4691 449 4774 mortem,
484 4691 668 4773 reputantes
700 4685 828 4754 fortium
850 4687 991 4757 vivorum
1027 4705 1107 4777 csse,
1141 4687 1277 4762 inoxium
1300 4696 1406 4764 anun
1501 4734 1506 4746 ·
