3354 5172
302 362 364 428 204

301 577 419 663 616666,
442 596 461 644 6
484 595 547 645 666
576 577 701 644 celebre
731 595 772 642 66
793 576 1006 658 frequentato,
1030 595 1049 644 ο
1072 574 1255 644 finalmente
1286 573 1429 658 inquieto
1466 577 1501 640 et
1537 578 1644 642 16666·

301 665 401 748 gliato
423 684 442 730 6
464 683 522 748 666
541 665 571 730 16
592 663 763 732 6666611661
792 665 832 731 16
854 665 957 732 alcuni
985 663 1097 730 nemici
1120 664 1151 730 di
1174 661 1266 741 fuori,
1290 681 1309 728 6
1332 681 1391 745 666
1413 662 1444 728 16
1466 661 1642 746 discordie,

301 751 476 835 gravissimi
499 753 611 820 nemini
633 751 665 816 di
689 751 810 836 166166,
834 759 884 818 166
906 769 925 818 6
948 757 1075 835 quattro
1097 751 1184 818 volte
1206 749 1292 832 dopii
1316 749 1397 815 tanti
1420 749 1551 815 danari.
1657 757 1658 806 1

343 839 387 904 Et
408 845 492 905 tutta
514 838 701 922 maqueda,
726 839 783 905 che
796 841 849 920 piu
871 841 1017 922 imperta,
1030 843 1116 904 66616
1139 837 1197 902 che
1219 837 1250 903 io
1273 837 1344 903 dica
1367 836 1433 902 cioe
1459 835 1553 902 delle
1571 854 1643 918 per·

301 942 389 1008 6666,
401 924 450 992 ira
471 928 502 992 16
525 927 609 1008 quali
631 927 658 990 si
680 925 759 991 vive.
783 927 876 992 Nella
898 927 971 1008 qual
994 930 1085 1008 parte
1107 929 1314 1003 tentamento,
1332 942 1373 1002 66
1387 923 1419 989 16
1435 923 1552 1004 voglio
1572 923 1642 990 dire

301 1017 383 1078 tutto
413 1013 527 1095 quello,
558 1014 616 1080 che
649 1031 755 1094 posse,
779 1034 797 1080 6
819 1014 975 1082 dilatarmi
997 1013 1081 1078 nelle
1102 1011 1167 1076 lodi
1190 1011 1230 1076 de
1253 1009 1418 1096 Spoletini,
1431 1007 1498 1076 fino
1525 1010 1590 1075 che
1613 1011 1644 1075 la

301 1099 433 1165 materia
465 1099 601 1185 dureris,
631 1101 723 1181 quasi
754 1119 889 1167 nessuno
913 1119 932 1166 6
953 1101 1050 1166 molto
1079 1099 1207 1164 lontano
1230 1098 1282 1164 nel
1306 1117 1381 1164 6666
1404 1095 1467 1162 fine
1490 1095 1548 1163 del
1575 1098 1641 1162 mio

301 1186 537 1267 ragionsmento
560 1189 603 1252 mi
625 1205 745 1272 vegg03
769 1206 804 1256 se
827 1187 926 1253 anoho
948 1187 1205 1268 rietrettnmente‚
1229 1204 1282 1250 ma
1304 1185 1336 1251 di
1351 1185 1509 1264 ciascuna,
1530 1185 1645 1251 avanti

300 1290 357 1354 per
385 1273 449 1339 mia
470 1271 501 1339 ie
522 1273 570 1340 ch'
592 1274 623 1340 io
644 1274 760 1341 habbia
790 1275 945 1356 compiute
975 1280 1008 1340 et
1037 1273 1182 1340 concluse
1204 1271 1319 1354 quelle,
1343 1276 1455 1353 questo
1477 1271 1559 1356 sole,
1588 1271 1660 1360 dep

301 1361 382 1426 corsi
412 1360 456 1441 gli
484 1361 630 1426 immensi
660 1363 755 1444 spatii
774 1361 826 1428 161
849 1361 928 1429 61616
951 1379 969 1427 6
992 1361 1046 1444 piu
1068 1365 1152 1426 tosto
1174 1358 1349 1443 aggiratosi
1371 1375 1431 1424 con
1453 1377 1540 1442 6666,
1568 1360 1660 1426 sara

301 1448 455 1514 611666616
477 1447 510 1512 16
533 1449 606 1530 6661
628 1450 788 1517 medesmo
810 1451 914 1534 luogo,
937 1449 989 1514 nel
1004 1447 1078 1530 qual
1092 1447 1172 1513 hora
1190 1447 1496 1514 velocissimamente
1512 1445 1660 1512 instare

300 1535 323 1599 il
346 1535 487 1611 vedemo,
511 1539 545 1600 et
566 1554 616 1600 me
639 1536 776 1602 anchora
804 1537 986 1618 predicante
1006 1535 1039 1602 16
1059 1541 1167 1601 666166
1189 1533 1255 1600 lodi
1277 1532 1309 1596 in
1332 1537 1445 1614 questo
1469 1533 1574 1614 luogo
1600 1535 1644 1597 ri-

300 1625 436 1687 1666661.
461 1620 493 1687 S'
515 1621 546 1687 16
570 1623 678 1701 166616,
703 1643 722 1690 6
745 1643 784 1690 66
808 1625 877 1690 1166
899 1639 987 1709 6666,
1009 1642 1074 1688 666
1096 1623 1257 1688 beliesima
1279 1625 1371 1702 parte
1388 1624 1421 1686 et
1436 1619 1467 1684 al
1481 1619 1546 1686 mio
1565 1638 1643 1701 pro·

299 1708 403 1790 posito
425 1709 455 1774 d'
478 1709 572 1792 hoggi
595 1710 861 1792 pertinentissime
883 1710 976 1776 166661
999 1729 1122 1776 emessa
1145 1728 1163 1774 6
1186 1706 1325 1774 66166116.
1350 1705 1416 1772 Che
1439 1705 1510 1771 1661
1534 1708 1642 1773 adun·

302 1795 388 1876 que?
409 1793 455 1859 Mi
477 1793 615 1864 sforzerb
638 1817 658 1862 a
680 1797 729 1863 dir
751 1805 787 1877 61,
812 1797 870 1863 che
900 1816 940 1863 ne
962 1797 1056 1881 hoggi
1075 1801 1107 1862 et
1130 1795 1253 1863 dinanzi
1276 1814 1296 1861 a
1318 1799 1432 1876 questo
1456 1793 1661 1870 clarissimo,

301 1883 408 1966 signor
440 1881 550 1948 ottimo
584 1890 690 1951 vostro
719 1885 914 1952 conoscitore
937 1891 971 1950 et
993 1883 1118 1950 dinanzi
1138 1903 1157 1949 a
1179 1883 1228 1948 661
1251 1880 1403 1948 medesmi
1424 1880 1526 1947 166666
1549 1882 1643 1949 biso·

301 1974 396 2052 gnato
419 1969 468 2034 dir
489 1969 552 2051 piu,
575 1989 615 2036 ne
639 1971 668 2036 d'
693 1973 773 2038 altro
796 1977 887 2038 canto
909 1971 1007 2038 haver
1029 1972 1145 2038 dovuto
1168 1970 1217 2036 dir
1239 1967 1372 2034 mancho
1394 1986 1527 2050 appara.

343 2055 387 2122 Et
409 2075 466 2136 per
489 2057 633 2139 aspedire
655 2065 744 2125 tanto
768 2059 823 2142 piu
840 2064 958 2144 presto,
981 2077 1043 2124 non
1059 2058 1127 2126 diro
1150 2058 1202 2123 del
1225 2057 1314 2121 66166
1336 2059 1442 2122 666166
1462 2054 1539 2120 nell'
1555 2057 1643 2122 armi

300 2143 467 2210 notissimo
490 2163 509 2210 a
531 2146 605 2211 tutti
629 2151 661 2212 61
682 2147 774 2212 616161
798 2151 831 2212 61
852 2146 982 2221 1661661,
1007 2146 1188 2228 congiunta,
1212 2143 1285 2226 quel
1300 2141 1348 2208 ch'
1365 2144 1382 2207 d
1399 2149 1662 2226 sommamentel

300 2231 469 2306 laudabile,
493 2249 551 2296 con
573 2251 616 2296 un
638 2234 778 2317 ingenito
800 2251 888 2299 amor
909 2233 942 2299 di
965 2251 1051 2314 pace.
1080 2233 1153 2298 Non
1175 2231 1242 2298 dird
1266 2229 1318 2296 del
1341 2247 1501 2312 generoso
1525 2231 1662 2306 studio}

301 2317 331 2382 d’
353 2318 483 2398 honore,
497 2319 619 2386 6166666
642 2322 683 2386 16
705 2323 780 2402 ogni
802 2322 886 2386 mala
907 2321 1059 2386 ambition
1081 2326 1115 2384 61
1137 2317 1340 2386 emulatione.
1364 2315 1436 2382 Non
1459 2315 1531 2381 diro
1547 2317 1644 2385 'della

301 2405 480 2488 grandezza
510 2411 544 2472 et
573 2407 658 2474 della
687 2409 928 2474 mansuetudine
949 2408 1081 2474 insieme
1103 2407 1143 2474 de
1165 2406 1210 2490 gli
1232 2403 1345 2477 animi;
1369 2402 1456 2468 della
1478 2403 1646 2471 industria

300 2492 353 2558 661
383 2493 598 2574 guadagnare,
628 2495 842 2562 munificentia
873 2495 925 2561 nel
955 2495 1119 2576 spendore.
1150 2494 1222 2560 Non
1245 2492 1313 2558 dirb
1344 2490 1429 2556 della
1450 2497 1643 2576 prontezza,

301 2579 387 2644 della
414 2580 563 2645 sincerita
585 2587 618 2647 et
640 2584 724 2649 della
752 2583 924 2664 prudenza,
948 2581 1032 2648 della
1054 2582 1212 2648 modestia
1234 2585 1350 2662 vostra,
1375 2577 1460 2644 della
1483 2577 1646 2662 integrita

300 2671 334 2730 et
356 2663 537 2733 sufficienza
558 2668 590 2732 in
612 2675 695 2736 tutte
718 2670 748 2735 16
772 2688 864 2747 6666;
887 2669 1019 2736 materie
1042 2687 1061 2734 a
1085 2669 1135 2734 chi
1158 2687 1198 2733 ne
1221 2667 1350 2732 6616666
1365 2664 1663 2748 ispiegatamente¹

301 2753 477 2836 regionare,
508 2773 571 2820 non
603 2756 635 2822 di
666 2753 778 2838 666616
807 2756 886 2822 hore
915 2775 968 2821 ma
990 2757 1031 2822 de
1054 2754 1251 2840 lunghissimi
1272 2752 1374 2835 giomi
1397 2752 1561 2818 ciascuna.
1589 2753 1663 2819 Ma

301 2839 445 2905 venendo
468 2840 530 2906 alle
553 2842 724 2925 prencipali
747 2850 779 2910 61
801 2843 856 2926 piu
877 2843 1060 2926 importanti
1082 2844 1113 2908 al
1135 2843 1198 2909 mio
1221 2839 1383 2923 proposito
1406 2839 1436 2904 d'
1460 2839 1561 2923 hoggi
1587 2861 1644 2907 vo·

301 2932 368 2992 stre
391 2933 424 2993 61
446 2928 486 2993 16
508 2930 608 2994 vostri
631 2930 774 2997 eittadini
797 2931 907 2996 6161611
929 2935 963 2996 61
984 2930 1058 3009 1611,
1083 2934 1116 2994 61
1137 2930 1264 2996 1616666
1288 2927 1328 2996 61
1350 2944 1423 2992 6666
1438 2933 1563 3008 quanto
1585 2928 1645 3008 piu

300 3031 393 3095 poseo
416 3015 680 3098 ristringendomi,
704 3019 791 3083 dico:
815 3019 847 3083 la
867 3017 1027 3084 Dalmatia
1048 3022 1142 3100 tutta,
1160 3035 1248 3082 66666
1264 3014 1372 3080 666611
1387 3013 1528 3079 anchora
1545 3014 1641 3098 dissi,

302 3119 409 3167 essere
445 3101 601 3169 catholica
634 3110 666 3171 et
699 3105 833 3184 devota3
867 3105 899 3169 16
932 3104 1009 3170 61116
1038 3105 1070 3170 di
1098 3102 1227 3186 Spalato
1250 3099 1557 3167 chiarissimamente
1583 3120 1644 3184 per

300 3193 397 3255 certo.
431 3188 551 3267 Questo
581 3191 614 3256 16
643 3209 722 3258 6666
751 3197 784 3257 61
806 3193 838 3257 16
860 3191 944 3257 lema
963 3191 1089 3274 publica
1119 3195 1338 3257 veracemente
1360 3191 1496 3267 attesta3
1522 3195 1644 3270 questo

301 3280 390 3342 tante
414 3274 522 3343 chiese
554 3283 588 3343 et
617 3279 799 3345 monasterii
822 3284 857 3344 61
879 3277 1007 3345 61166161
1031 3278 1071 3342 16
1094 3277 1230 3361 chierici,
1254 3277 1295 3342 de
1316 3275 1468 3358 religiosi,
1492 3275 1533 3341 de
1566 3296 1643 3343 ver·

299 3363 365 3446 gini
388 3382 407 3428 a
429 3362 489 3428 Dio
512 3370 638 3448 sagrate
662 3366 876 3446 palesemente
897 3371 1100 3448 protesten03
1124 3368 1238 3446 questo
1261 3363 1445 3429 finalmente
1460 3361 1493 3428 16
1508 3362 1643 3429 univer·

300 3450 347 3516 sal
370 3449 513 3518 fervente
537 3458 569 3518 et
591 3453 783 3534 essemplare
811 3453 990 3529 devotione,
1021 3451 1237 3532 risplendente
1258 3450 1291 3514 in
1313 3451 1389 3516 tutti
1411 3449 1422 3513 i
1445 3449 1532 3515 modi
1556 3450 1643 3516 chri·

300 3537 396 3602 atiani
418 3543 452 3602 et
475 3538 518 3619 pii
540 3539 580 3604 de
602 3541 678 3605 tutti
700 3539 711 3604 i
734 3539 888 3622 Spalatini
911 3540 1194 3606 certissimamente
1217 3537 1397 3603 manifesta.

344 3623 391 3689 La
413 3623 571 3692 Dalmatia
593 3629 611 3691 e
634 3628 870 3708 generalmente
893 3631 977 3692 tutta
999 3625 1193 3693 fedelissima
1215 3643 1234 3690 a
1257 3624 1327 3690 6661
1350 3621 1484 3706 signori:
1508 3622 1542 3688 di
1559 3641 1641 3704 que-

301 3717 351 3777 sta
376 3711 514 3778 6666616
536 3714 685 3794 66616666
707 3719 740 3781 61
761 3714 860 3780 bonta
882 3713 933 3779 661
956 3718 1158 3794 6661666616,
1184 3731 1218 3778 66
1235 3711 1309 3776 61161
1324 3709 1444 3778 sudditi
1459 3709 1490 3775 61
1505 3709 1641 3792 mondo,

299 3817 358 3864 con
388 3799 552 3865 verissime
582 3806 615 3866 et
643 3801 758 3867 illustri
790 3802 972 3883 asperienze
1002 3801 1130 3866 161616
1153 3799 1290 3866 1611616
1313 3801 1378 3877 eta,
1401 3796 1557 3880 gloriarvi
1584 3817 1643 3878 po-

300 3889 377 3952 tete.
414 3884 512 3952 Tutta
547 3887 578 3951 16
611 3887 770 3955 Dalmatia
792 3893 810 3954 e
832 3888 1064 3954 naturalmente
1098 3885 1277 3954 amorevole
1301 3889 1335 3952 et
1357 3890 1480 3950 6661666
1504 3903 1524 3948 6
1546 3883 1639 3950 1666-

300 3971 407 4038 stieri:
431 3972 465 4037 di
494 3979 607 4056 questa
637 3974 800 4040 humanitt
821 3980 855 4041 et
876 3975 1039 4059 benignita
1061 3974 1124 4056 (sia
1147 3975 1235 4040 detto
1259 3991 1355 4039 senza
1377 3969 1498 4036 invidia
1520 3977 1557 4037 et
1581 3991 1643 4039 con

298 4077 377 4140 pace
400 4059 483 4126 delle
505 4060 600 4146 altre)
624 4062 824 4145 egualmente
846 4080 905 4128 con
927 4063 979 4127 un’
1002 4061 1085 4128 altra
1107 4061 1186 4127 eitth
1209 4056 1473 4141 della-provincia
1487 4077 1528 4124 ne
1543 4066 1644 4141 porta

297 4151 393 4212 vanto
428 4145 568 4228 Spalato.
602 4147 645 4213 Et
680 4149 794 4230 perche
818 4155 930 4232 questa
953 4152 970 4214 e
995 4148 1217 4229 spetialissima
1247 4151 1280 4212 et
1303 4145 1454 4228 precipua
1478 4144 1584 4228 doppo
1609 4147 1643 4212 le

298 4234 360 4299 166
384 4233 578 4314 sopralibate
600 4235 643 4316 (la
666 4239 739 4318 qual
762 4236 793 4300 io
810 4235 961 4302 66666116
977 4234 1267 4317 666616666666116
1291 4234 1465 4315 celebrare,
1483 4250 1503 4297 a
1528 4243 1644 4300 vostra

297 4320 394 4385 6116
417 4320 515 4386 666161
539 4322 790 4406 6111611611616)
814 4323 995 4389 166666111
1018 4341 1091 4389 6666
1113 4321 1264 4404 alquanto
1287 4322 1517 4387 distesameute
1532 4321 1644 4403 ragio·

296 4425 405 4473 66666.
428 4407 472 4473 Et
494 4425 556 4473 non
579 4409 611 4472 di
635 4427 788 4476 menone
811 4427 902 4475 66666
924 4429 997 4476 6666
1018 4410 1062 4474 mi
1083 4408 1187 4492 voglio
1210 4407 1345 4474 dilatare
1367 4413 1495 4487 troppo,
1520 4413 1556 4472 et
1579 4426 1644 4488 per

296 4511 359 4558 non
382 4495 745 4562 666666616616116616
767 4497 961 4577 parlamento
994 4496 1023 4561 d’
1045 4497 1152 4579 hoggi,
1177 4514 1195 4560 6
1218 4513 1275 4576 666
1297 4493 1403 4578 iuggir
1427 4493 1461 4558 di
1482 4493 1640 4574 predicar

295 4579 345 4644 voi
367 4580 462 4645 molto
484 4599 635 4729 alppresso
658 4584 708 4647 voi
731 4583 892 4663 medesmi,
917 4567 1146 4650 riserbandomi
1168 4601 1188 4648 a
1209 4581 1290 4648 farlo
1313 4581 1355 4646 ad
1379 4581 1463 4647 altro
1486 4585 1602 4664 tempo
1622 4601 1641 4647 6

296 4682 450 4746 appresso
473 4666 558 4731 atri.
