3298 5178
239 295 283 356 60

237 505 322 565 tutta
344 499 376 564 la
397 498 477 564 oitta
500 515 556 578 per
578 499 693 580 questo
715 491 877 574 benefitio,
902 494 960 562 ohe
980 495 1013 561 la
1034 494 1065 559 n'
1085 495 1221 576 εερεῖῖε,
1245 510 1308 560 non
1329 489 1576 558 mfnteranesi

238 589 435 669 sparegnera
465 584 499 651 di
527 583 624 651 fetico
646 584 759 650 alcuna
780 583 818 648 in·
834 582 934 648 aitare
957 602 977 648 a
999 581 1049 648 iar
1070 581 1116 647 tal
1138 599 1246 663 opera.
1270 578 1314 645 m
1338 579 1370 645 (11
1393 583 1507 662 questo
1531 579 1575 644 ri·

238 673 437 740 trovandomi
468 690 564 754 sopra
594 673 617 737 il
638 671 707 736 looo
727 688 786 736 oon
808 669 831 734 il
853 668 1026 736 clarissimo
1057 667 1176 735 Canale
1198 665 1356 750 oepitanio
1379 667 1411 732 al
1433 663 1527 748 colio,
1553 665 1573 730 il

240 760 334 843 quale
355 763 446 827 tanto
477 759 548 825 vale
578 778 618 825 ne
647 757 666 823 l’
690 763 849 840 artesae,
873 761 906 822 et
928 759 946 821 e
968 755 1147 838 ginditioso.
1171 761 1289 836 quanto
1312 771 1332 819 a
1353 757 1461 820 vostra
1485 771 1576 819 sere·

239 848 308 912 nita
329 849 347 912 0
368 848 432 913 ben
460 850 551 929 noto,
576 851 609 912 et
630 844 911 911 medesimsmente
941 861 999 908 oon
1020 843 1044 908 il
1066 840 1239 908 clarissimo
1261 857 1367 906 meser
1389 839 1576 906 Hieronimo

242 931 406 1001 Conterini
433 931 616 1016 dignissimo
646 931 802 1013 capitanio
832 929 915 996 delle
946 929 1039 1010 fuste,
1070 932 1254 996 veramente
1275 926 1407 1009 giovene
1431 927 1471 992 de
1495 945 1577 1010 gran

240 1039 413 1105 speranza,
446 1018 477 1084 n'
500 1018 669 1086 habbiamo
698 1018 831 1084 insieme
860 1016 1025 1100 regionato
1056 1020 1089 1082 et
1118 1015 1215 1082 molto
1243 1016 1307 1081 ben
1329 1013 1531 1081 considerato
1555 1014 1575 1079 il

240 1112 338 1187 tutto;
363 1111 397 1173 et
419 1109 536 1188 quanto
566 1106 597 1172 io
620 1106 652 1174 di
675 1110 787 1188 questo
818 1103 896 1185 dieo,
925 1108 1013 1170 tento
1036 1105 1054 1168 ε
1075 1101 1177 1169 ferma
1199 1101 1346 1186 opinione
1369 1100 1402 1166 di
1424 1119 1484 1168 sua
1505 1120 1575 1168 ma·

241 1191 430 1282 gnifieentia.

239 1289 241 1294 ’
283 1281 327 1346 Et
349 1284 462 1364 questo
484 1278 591 1360 etiam,
615 1277 663 1344 oh'
686 1279 716 1345 io
739 1277 809 1345 dieo
833 1297 852 1344 ε
873 1281 982 1345 νοεῖτε
1003 1275 1151 1358 seronita,
1175 1293 1253 1342 sono
1279 1279 1363 1342 stato
1383 1279 1521 1358 pregato
1545 1279 1577 1341 et

240 1372 375 1434 estretto
399 1367 440 1433 da
460 1370 547 1433 tutta
569 1366 676 1449 quella
697 1365 866 1448 spettabile
888 1365 1080 1432 communita
1101 1363 1133 1429 di
1155 1363 1324 1429 rioeroarlo
1346 1380 1404 1444 per
1418 1361 1574 1430 beneficio

240 1474 297 1522 suo
319 1474 339 1520 a
360 1458 467 1520 vostra
489 1453 639 1539 serenita,
662 1453 748 1520 aooit
771 1454 816 1536 gli
839 1452 954 1532 navilii,
977 1452 1035 1519 ohe
1057 1451 1239 1516 conduoono
1261 1450 1284 1515 il
1306 1449 1413 1518 vivere
1427 1466 1574 1517 necessa-

241 1542 288 1607 rio
312 1559 331 1607 a
355 1541 461 1623 quella
482 1539 571 1626 isola,
595 1541 675 1608 dove
698 1541 761 1607 ella
782 1559 841 1622 per
863 1558 899 1607 se
922 1544 1026 1606 stesso
1048 1557 1111 1606 non
1133 1537 1267 1617 abonda,
1290 1555 1426 1620 possano
1442 1555 1502 1602 oon
1521 1537 1577 1602 mi·

241 1629 324 1713 glior
348 1628 452 1694 enimo
475 1629 573 1708 venir,
596 1627 737 1709 sapendo
761 1627 793 1692 di
815 1627 961 1694 fermarsi
982 1627 1016 1691 in
1038 1625 1106 1692 looo
1129 1626 1232 1692 siouro
1255 1623 1286 1691 d'
1308 1624 1382 1708 ogni
1397 1622 1531 1692 fortuna
1547 1623 1578 1689 di

241 1733 330 1782 mare
352 1732 412 1781 oon
433 1714 458 1780 li
479 1715 526 1780 lor
548 1714 664 1781 navilii.

286 1802 401 1880 Qnella
422 1801 501 1868 1εο1ε
522 1801 555 1868 di
578 1806 684 1868 νοεῖτε
706 1800 846 1868 serenita
867 1798 972 1884 voglie
994 1799 1101 1882 miglis
1122 1803 1224 1878 cento,
1248 1801 1282 1866 et
1303 1797 1507 1866 ebenissimo
1523 1797 1579 1866 ha·
1640 1761 1641 1838 1

242 1887 353 1954 bitato.
376 1887 418 1954 Vi
441 1907 517 1954 sono
541 1889 653 1970 sinque
676 1887 799 1954 castelli
822 1906 916 1971 sopra
938 1905 1010 1954 essa
1031 1887 1122 1972 isola,
1139 1887 1207 1953 oioe
1223 1885 1435 1971 Dobasniaze,
1453 1883 1578 1952 Castel-

241 1973 391 2061 musohio‚
414 1974 586 2058 Dobrigno,
609 1969 809 2042 Verbenioho
832 1979 866 2040 et
886 1973 1020 2040 Besoha.

283 2061 321 2128 In
354 2062 461 2143 quella
490 2062 567 2128 sitta
597 2068 630 2129 et
658 2061 738 2128 isola
759 2065 790 2128 ν1
812 2079 889 2127 sono
912 2061 1016 2129 anime
1038 2058 1253 2126 undeoimillia
1276 2077 1294 2126 e
1317 2059 1524 2142 oinqueoento
1547 2059 1579 2126 in

241 2149 345 2228 oiroa;
377 2153 411 2216 et
441 2155 492 2215 tra
521 2149 625 2231 questi
646 2148 677 2217 vi
699 2167 776 2216 sono
807 2148 890 2215 oiroa
919 2149 973 2215 doi
994 2147 1093 2214 millia
1115 2166 1134 2214 ε
1157 2146 1363 2230 oinqueoento
1385 2147 1514 2213 homeni
1539 2147 1580 2214 da

240 2234 322 2321 fatti,
345 2235 369 2302 il
391 2241 478 2302 resto
501 2237 614 2316 donne,
637 2235 706 2318 puti
727 2241 761 2302 et
782 2235 900 2302 vemhi.
1117 2249 1119 2255 “

283 2323 331 2388 La
354 2322 492 2390 serenittt
514 2329 624 2390 νοεῖτε
653 2341 780 2406 sempre
808 2323 859 2389 nei
892 2321 960 2389 suoi
990 2320 1116 2404 bisogni
1137 2321 1229 2404 petra
1250 2339 1374 2388 armare
1396 2321 1459 2387 due
1483 2321 1581 2404 gallie
1640 2329 1641 2334 ’

241 2409 511 2476 commodamente
542 2415 576 2478 et
604 2429 700 2477 senza
730 2410 889 2477 disoonoio
920 2409 1032 2476 alouno
1063 2408 1095 2475 di
1117 2408 1221 2491 quelle
1243 2408 1341 2492 genti.
1366 2407 1479 2487 Questi
1502 2427 1581 2475 sono

241 2497 316 2561 tutti
347 2493 521 2562 fidelissimi
543 2497 575 2563 di
597 2503 705 2565 vostra
732 2497 879 2583 serenita,
910 2495 1170 2574 obedientissimi,
1203 2514 1244 2562 ne
1267 2513 1344 2562 sono
1367 2495 1517 2578 armigeri
1540 2514 1581 2564 ne
1640 2493 1641 2578 1

241 2582 427 2649 scandalosi.
450 2583 495 2648 Et
517 2601 575 2650 oon
596 2584 700 2650 verita
721 2603 816 2666 posso
838 2583 869 2650 io
892 2583 960 2650 dire
983 2588 1121 2650 avostra
1143 2582 1293 2667 sereniti,
1310 2581 1473 2648 choinse
1490 2582 1579 2664 mesi,

242 2669 290 2736 oh’
313 2668 344 2735 io
368 2688 445 2736 sono
476 2674 560 2738 stato
584 2690 604 2736 ε
626 2670 700 2752 quel
733 2689 888 2755 governo,
919 2670 952 2735 in
974 2675 1060 2736 tutto
1082 2670 1093 2734 1
1115 2669 1124 2698 ’
1146 2669 1228 2736 1εο1ε
1249 2675 1282 2736 et
1304 2669 1381 2735 sitta
1402 2688 1447 2734 un
1470 2669 1539 2736 solo
1561 2673 1581 2735 e

243 2760 327 2822 stato
350 2761 451 2822 morto
486 2757 518 2823 di
541 2762 642 2824 morte
672 2757 819 2824 violente.
850 2755 894 2822 Et
923 2775 984 2838 pur
1005 2757 1037 2824 vi
1060 2775 1137 2823 sono
1160 2756 1192 2822 in
1214 2756 1321 2838 quella
1343 2755 1421 2822 oitta
1443 2761 1477 2824 et
1498 2757 1581 2824 isola

243 2843 277 2910 di
299 2843 387 2909 varie
417 2849 504 2909 sorte
543 2844 608 2908 vini
631 2849 664 2910 et
686 2845 715 2911 d'
738 2843 849 2911 ottima
877 2844 982 2926 bonta,
1004 2844 1028 2908 11
1050 2843 1136 2926 quali
1158 2861 1253 2926 spese
1273 2843 1360 2910 volte
1382 2848 1498 2926 troppo
1522 2863 1582 2926 ρετ
1640 2837 1641 2920 1

241 2930 338 2996 buoni
368 2931 497 3016 gustati,
528 2929 623 2997 fanno
653 2931 858 3015 ingogliardir
889 2931 931 3014 gl’
953 2931 1050 2998 animi
1072 2936 1106 2998 et
1127 2931 1158 2998 le
1180 2929 1279 3010 forae,
1302 2929 1429 2996 tirando
1452 2930 1477 2996 li
1499 2931 1580 2998 huo·
1640 2969 1641 2978 τ

242 3017 319 3082 mini
342 3035 361 3080 a
383 3016 510 3082 termini
533 3035 595 3084 non
618 3017 826 3084 convenienti.

285 3102 408 3168 Ancora
430 3103 514 3170 nelle
536 3103 614 3170 oitta
635 3111 668 3170 et
691 3104 763 3172 nell'
794 3104 874 3172 isola
891 3108 986 3188 tutte,
1016 3105 1044 3172 ν’
1068 3109 1086 3171 ε
1108 3103 1286 3171 introdutte
1307 3122 1371 3169 una
1392 3120 1525 3180 asanaa,
1547 3104 1583 3171 la
1640 3133 1641 3154 τ

242 3191 316 3272 qual
337 3189 432 3256 oredo
454 3189 587 3258 insieme
610 3192 668 3258 che
689 3192 812 3258 hormai
841 3191 890 3257 sia
911 3191 1087 3258 introdutta
1109 3209 1168 3273 per
1190 3191 1266 3257 tutti
1288 3190 1312 3256 li
1334 3189 1445 3274 luoghi
1469 3189 1503 3255 di
1526 3211 1583 3258 νο·
1640 3201 1641 3264 ξ

242 3283 311 3344 εῖτε
341 3277 496 3362 serenita,
512 3278 610 3345 molto
640 3279 751 3345 brutta
782 3284 815 3345 et
837 3279 979 3345 damnosa
1001 3298 1021 3344 a
1043 3277 1112 3346 suoi
1133 3278 1250 3360 populi,
1274 3296 1394 3344 usenza
1416 3283 1529 3344 eontra
1549 3279 1584 3346 le
1640 3285 1641 3356 ἒ

241 3370 350 3431 nostre
375 3369 468 3430 sante
490 3364 577 3449 leggi
600 3370 634 3431 et
656 3366 766 3432 ordeni
794 3371 884 3432 tante
913 3371 947 3431 et
967 3370 1056 3432 tante
1079 3365 1165 3431 volte
1187 3364 1366 3448 oonsigliati
1385 3370 1418 3430 et
1441 3365 1582 3432 oonside-
1640 3415 1641 3434 1

241 3451 304 3518 rati
327 3451 498 3519 dorostro
520 3453 657 3519 serenitl
679 3460 712 3520 et
734 3454 776 3520 da
797 3451 900 3519 nostri
922 3453 1005 3520 senti
1026 3451 1230 3537 progenitori,
1254 3451 1301 3518 oh’
1320 3455 1355 3517 e:
1379 3451 1438 3518 ohe
1454 3453 1582 3533 quando

241 3545 331 3606 tooea
361 3539 402 3606 ad
432 3557 496 3605 nno
526 3539 666 3622 galeotto
698 3558 755 3624 per
784 3540 895 3606 rodolo
922 3541 1022 3607 endor
1043 3539 1076 3605 in
1098 3539 1199 3624 galea,
1223 3541 1242 3604 0
1264 3537 1440 3606 introdutto
1462 3557 1584 3606 usanzo
1640 3551 1641 3596 i

241 3630 372 3708 oorotta,
404 3625 462 3694 ohe
484 3643 526 3692 ne
548 3631 647 3695 mette
675 3646 717 3692 un
748 3627 829 3694 altro
852 3626 885 3692 in
905 3626 976 3695 looo
1000 3645 1066 3704 suo,
1090 3631 1125 3693 et
1146 3625 1190 3710 gli
1212 3624 1254 3691 da
1277 3626 1360 3692 oltra
1382 3626 1499 3708 quello,
1523 3627 1584 3694 ohe
1640 3619 1641 3706 ἰ

241 3712 285 3796 gli
314 3713 387 3779 vien
417 3713 492 3779 dato
517 3731 580 3798 per
609 3719 717 3780 νοεῖτε
738 3713 888 3795 serenita,
911 3714 971 3781 lire
1002 3719 1064 3781 200
1087 3712 1142 3795 pin
1164 3717 1197 3779 et
1218 3731 1339 3798 manoo,
1363 3714 1500 3780 secondo
1523 3713 1583 3782 ohe
1640 3715 1641 3782 i

242 3799 268 3864 ε’
291 3799 477 3882 aooordeno,
502 3805 535 3866 et
557 3801 692 3884 qualche
714 3801 802 3868 volta
824 3801 883 3868 lire
914 3805 977 3867 250
1000 3800 1138 3868 secondo
1160 3800 1183 3866 11
1204 3799 1345 3884 bisogni3
1369 3805 1403 3867 et
1426 3806 1541 3882 questo
1564 3807 1583 3870 e
1640 3803 1641 3876 1

242 3885 274 3952 1ε
307 3886 387 3952 ῖοῖεΙ
416 3887 508 3953 ruina
535 3888 575 3956 de
608 3887 731 3974 quello,
766 3907 785 3952 a
818 3888 869 3955 ehi
896 3891 986 3954 toooa
1019 3888 1118 3955 andar
1154 3906 1211 3969 per
1247 3887 1379 3955 ruodolo
1412 3887 1446 3952 in
1478 3889 1582 3972 galea,
1640 3897 1641 3968 ζ

113 3972 117 3976 ’
241 3991 299 4055 ρετ
321 3973 468 4040 eonvenir
490 3976 618 4060 vender,
641 3983 699 4057 per
723 3981 829 4042 ῖτονετ
858 3975 889 4042 le
919 3975 1007 4043 dette
1028 3975 1088 4041 lire
1111 3977 1174 4042 200
1197 3978 1231 4040 et
1252 3974 1316 4062 pin,
1338 3975 1369 4041 le
1393 3993 1452 4041 sue
1475 3976 1582 4060 vigne,
1640 4013 1641 4042 l

243 4058 371 4126 animali
401 4065 435 4126 et
464 4079 553 4142 case3
584 4068 618 4128 et
653 4066 742 4129 tento
773 4063 847 4144 pin,
885 4062 944 4129 ohe
976 4063 1009 4128 in
1050 4061 1148 4144 quelli
1183 4061 1308 4144 bisogni
1346 4079 1457 4145 spesse
1495 4064 1584 4131 volte

242 4147 385 4214 vendono
406 4166 465 4229 per
486 4148 544 4214 lire
568 4153 632 4215 200
655 4149 769 4234 quello,
793 4149 852 4215 ohe
873 4168 932 4234 per
954 4150 1058 4232 giusto
1080 4149 1184 4231 pretio
1207 4148 1338 4216 doveria
1360 4149 1500 4216 vendere
1523 4151 1585 4219 lire
1640 4221 1641 4232 ,

242 4239 307 4301 400
330 4238 364 4300 et
385 4235 448 4317 pio,
472 4254 492 4300 ο
514 4235 572 4301 ohe
604 4240 737 4303 troreno
759 4236 784 4302 11
806 4236 916 4304 danari
949 4255 1008 4303 oon
1038 4236 1113 4302 altri
1134 4236 1281 4303 interessi
1303 4236 1468 4320 maggiori‚
1492 4255 1585 4306 come
1640 4259 1641 4274 ¹

244 4321 358 4404 meglio
388 4339 533 4403 possono.
564 4321 608 4387 Et
631 4328 744 4404 questo
767 4328 861 4390 torna
884 4345 904 4391 a
925 4343 982 4391 sua
1004 4322 1213 4406 grandissima
1234 4323 1336 4391 ruina.
1359 4324 1404 4390 Et
1425 4342 1485 4407 por
1507 4343 1585 4391 oon·
1640 4395 1641 4408 ,

241 4426 334 4474 verso
357 4407 448 4486 colui,
472 4427 492 4474 a
513 4408 564 4475 chi
586 4409 658 4475 vien
682 4409 747 4477 dati
771 4411 876 4493 questi
906 4409 1026 4477 danari.
1060 4409 1151 4477 vieno
1174 4410 1215 4477 ad
1237 4410 1382 4479 arichirsi
1404 4416 1438 4478 et
1457 4410 1587 4496 ingras-
1640 4451 1641 4456 =

242 4493 324 4560 sarsi
346 4512 404 4560 eon
426 4495 450 4560 ss
473 4514 593 4578 sangae
616 4497 657 4563 de
680 4498 786 4579 questi
808 4500 916 4580 poveri
945 4499 1085 4564 venduto
1107 4516 1127 4563 o
1148 4496 1322 4582 inpegnato
1344 4517 1402 4581 per
1423 4503 1537 4565 ῖτονετ
1561 4501 1585 4566 11
1640 4575 1641 4578 ¹

242 4581 352 4646 danari
376 4599 434 4663 per
455 4601 556 4666 pagan
578 4588 714 4668 οοεῖοτο,
736 4584 760 4651 li
783 4585 868 4666 quali
891 4603 968 4652 sono
992 4583 1074 4650 tutti·
1090 4602 1223 4666 persone
1246 4585 1338 4667 quasi
1360 4604 1423 4652 non
1439 4591 1587 4669 sottopo·
1640 4581 1641 4650 ξ

241 4666 325 4748 posti
347 4685 367 4733 a
389 4669 499 4734 rodolo
522 4687 563 4736 ne
585 4671 681 4738 messi
703 4671 789 4740 nella
812 4677 898 4740 sorte
921 4671 965 4740 dil
988 4670 1097 4738 rodolo
1120 4689 1179 4754 per
1202 4690 1302 4740 esser·
1314 4689 1452 4756 persone
1474 4672 1587 4757 ρετ1ο
1640 4683 1641 4760 J
