3354 5172
218 271 282 346 me

221 471 394 542 et·lornite
419 472 448 536 d’
473 473 548 554 ogni
570 489 645 538 cosa
666 489 725 553 per
746 475 831 538 tutto
854 471 876 535 ’l
897 476 1004 554 tempo
1027 470 1111 539 della
1132 489 1258 554 guerra,
1282 467 1341 536 che
1362 467 1500 536 bavesse
1524 466 1573 535 da
1673 529 1674 532 ,

221 560 343 625 havere
364 576 401 624 co
423 557 435 621 i
457 557 579 624 uemici.

264 643 314 710 Ne
347 643 523 710 solamente
558 642 695 708 valorosi
729 647 762 707 et
797 643 830 708 in
852 661 941 708 mare
964 647 997 708 et
1018 642 1051 707 in
1073 647 1161 709 terra
1182 643 1266 708 nelle
1289 642 1367 706 armi
1386 641 1501 706 turono
1523 639 1572 722 gli

221 729 421 796 antecessori
442 729 550 807 vostri,
573 747 626 798 ma
649 728 786 794 anchora
808 729 898 795 molti
921 728 1085 795 eccellenti
1108 729 1191 794 nelle
1213 730 1338 812 lettere,
1360 727 1571 816 6666116111

220 815 307 898 quali
327 815 418 881 molti
441 814 607 881 bellissimi
630 820 663 880 et
685 814 856 880 dottissimi
885 814 999 880 iscritti
1028 815 1055 880 si
1076 815 1212 897 leggono
1236 823 1269 880 et
1290 833 1311 880 a
1334 819 1463 894 stampe
1486 816 1520 878 et
1544 810 1570 890 il

219 904 275 984 piu
297 919 318 966 a
338 919 454 982 penna,
478 918 531 965 ma
554 901 586 965 di
608 917 672 964 uno
695 900 727 964 di
750 903 825 965 tutti
849 899 1110 980 eccellentissimo
1126 900 1169 964 M.
1186 899 1295 965 Marco
1310 898 1444 964 Marulo.
1452 899 1476 981 ¹)
1491 897 1560 962 Del

222 987 297 1070 qual
330 1003 365 1052 so
398 987 431 1051 la
464 986 589 1069 miglior
621 992 714 1068 parte
747 986 831 1052 delle
852 985 980 1064 fatiche,
1005 985 1065 1051 che
1089 1003 1159 1051 csso
1182 986 1237 1068 gib
1257 987 1312 1067 piu
1334 990 1459 1050 maturo
1482 981 1568 1059 lece,

220 1091 283 1138 non
304 1071 392 1138 surse
413 1076 499 1138 stata
521 1073 660 1138 lacerata
684 1071 715 1137 al
735 1075 843 1152 tempo
866 1072 900 1136 di
921 1089 985 1136 uns
1006 1071 1234 1138 mortalissima
1252 1078 1352 1153 peste,
1370 1071 1567 1136 hamessimo
1672 1099 1673 1102 ¹

220 1157 351 1241 hoggidl
372 1175 416 1222 un
439 1156 610 1224 christiano
633 1162 666 1224 et
688 1156 853 1238 Spalatino
876 1156 1028 1240 Vergilio.
1054 1157 1241 1246 lmperoche
1264 1159 1327 1239 egli
1353 1173 1411 1222 con
1435 1155 1490 1237 piu
1512 1173 1569 1220 su-

220 1245 317 1312 blime
340 1249 374 1310 et
394 1243 450 1324 piu
482 1261 558 1308 vero
590 1249 738 1325 soggetto
767 1251 800 1308 et
823 1259 883 1306 con
905 1261 967 1308 non
989 1242 1091 1308 minor
1114 1243 1227 1322 spirito
1251 1243 1346 1308 credo
1371 1242 1489 1308 scrisse
1510 1240 1569 1305 he-

220 1330 306 1397 roica
328 1335 362 1395 et
384 1329 648 1394 altissimameute
670 1328 681 1392 i
701 1328 894 1411 magnanimi
916 1337 949 1395 et
972 1329 1144 1394 santissimi
1165 1329 1248 1412 gesti
1272 1328 1324 1393 del
1341 1328 1414 1393 divo
1434 1333 1468 1393 et
1483 1345 1568 1408 gran

220 1415 359 1492 Davitte,
383 1415 415 1480 al
437 1415 516 1495 qual
539 1419 572 1480 et
594 1414 744 1495 sapienia
766 1420 798 1478 et
820 1415 929 1480 valore
952 1433 1048 1496 sopra
1071 1415 1102 1479 16
1123 1415 1262 1480 humane
1283 1413 1376 1480 16116
1399 1413 1567 1494 inspirava

221 1499 498 1567 manifestamente
523 1517 594 1566 esso
617 1518 693 1566 vero
715 1501 806 1566 lddio
829 1506 863 1566 ot
884 1516 948 1566 non
970 1499 1073 1565 ifalsi
1103 1506 1137 1565 61
1158 1499 1295 1566 16161661
1317 1499 1442 1564 creduti
1466 1517 1486 1564 a
1506 1517 1567 1580 pa·
1673 1547 1674 1552 ,

221 1589 297 1672 gani
319 1585 476 1670 Apolline,
503 1585 657 1664 Giunone,
680 1585 816 1666 Venere,
840 1585 954 1652 blarte.
977 1586 1071 1652 Della
1093 1586 1167 1666 qual
1189 1603 1287 1667 opera
1303 1587 1443 1653 anchora
1458 1584 1567 1650 alcuni

222 1672 314 1754 pezzi
335 1673 480 1755 leggemo
503 1689 524 1737 a
549 1689 642 1738 mano
665 1671 776 1751 scritti,
799 1672 1005 1756 ammirando,
1029 1673 1102 1752 quel
1125 1671 1183 1737 che
1206 1672 1350 1752 bavemo,
1375 1676 1410 1736 61
1433 1688 1492 1737 661
1508 1671 1568 1735 do·
1673 1663 1674 1730 ἓ

220 1761 271 1824 161
294 1757 504 1824 (16611616116
527 1759 611 1839 quel,
641 1757 700 1822 che
723 1760 742 1821 e
764 1775 869 1838 perso.
901 1758 943 1822 Di
965 1758 1110 1822 maniera
1144 1757 1202 1823 che
1226 1765 1434 1838 quantunque
1457 1757 1570 1836 quella
1672 1753 1674 1784 ²

221 1849 313 1928 peste
346 1843 464 1908 habbia
497 1861 577 1924 gran
611 1841 753 1908 richenza
789 1843 822 1908 di
855 1849 972 1925 questa
1006 1843 1083 1908 61111
1115 1843 1272 1926 disperse,
1306 1843 1393 1908 assai
1423 1841 1569 1924 famiglie

221 1930 349 2010 ertinte,
373 1929 554 1996 asscissime
576 1947 714 2010 persone
736 1929 853 2006 uccise,
876 1947 956 2010 pure
976 1930 1009 1994 in
1034 1930 1132 1993 niuno
1154 1935 1245 2010 parte
1268 1932 1287 1994 e
1309 1929 1426 2012 peggio
1447 1928 1569 1994 merita
1673 1987 1674 1994 ,

222 2037 242 2084 6
265 2019 284 2082 t
307 2019 393 2081 stata
420 2014 476 2097 piu
506 2017 647 2082 damnosa
676 2021 709 2081 et
732 2016 784 2080 noi
807 2016 863 2096 piu
886 2015 1072 2096 disubligati
1094 2016 1126 2080 16
1149 2015 1256 2093 siamo,
1283 2016 1340 2081 6116
1363 2033 1422 2097 per
1444 2014 1567 2081 havere
1672 2033 1674 2104 ,

220 2103 253 2168 iu
287 2102 395 2184 quella
428 2101 641 2184 disperatione
674 2101 758 2166 delle
792 2117 867 2166 cose
900 2101 1008 2182 quella
1029 2100 1259 2182 pretiosissima
1281 2107 1315 2166 et
1338 2101 1446 2166 divina
1468 2119 1569 2182 opera

221 2188 305 2255 fatto
337 2187 371 2252 in
405 2204 498 2254 mano
532 2188 573 2253 de
602 2186 743 2252 huomini
765 2185 868 2268 ignari
891 2189 1032 2268 ospitare
1055 2192 1086 2253 et
1109 2204 1218 2253 essere
1240 2188 1390 2265 lacerata,
1414 2188 1447 2252 la
1468 2187 1566 2268 quala
1671 2221 1672 2232 ¹

221 2291 280 2341 con
302 2279 386 2340 111116
408 2273 428 2336 l'
453 2291 510 2340 oro
539 2278 573 2339 et
594 2273 613 2337 l'
638 2277 772 2355 argento
805 2279 838 2338 et
860 2273 940 2338 colle
963 2273 1027 2338 vite
1050 2273 1091 2338 de
1113 2271 1202 2338 molti
1226 2274 1439 2356 deguameute
1463 2273 1492 2338 si
1513 2290 1567 2338 re·
1671 2359 1672 2370 ,

221 2359 439 2442 superarebbe
461 2359 493 2424 al
515 2358 638 2425 mondo.

264 2444 319 2510 Ma
342 2445 436 2511 della
467 2444 636 2527 prudentia
667 2445 707 2509 de
730 2444 740 2508 i
764 2445 862 2510 vostri
883 2445 1039 2527 maggiori
1061 2443 1086 2510 s’
1108 2445 1120 2508 1
1141 2445 1269 2511 volesne
1291 2445 1322 2512 al
1345 2449 1495 2527 presente
1518 2446 1569 2510 111-

223 2532 354 2597 struirvi
396 2548 437 2612 pe
460 2531 472 2595 i
494 2530 575 2615 latti,
612 2530 816 2596 creseerebbe
848 2530 881 2594 in
913 2529 1048 2597 historia
1080 2535 1193 2612 questo
1227 2531 1290 2596 mio
1310 2531 1509 2613 parlameuto
1535 2532 1570 2596 di

224 2618 338 2701 hoggi;
361 2635 413 2682 ma
435 2615 487 2682 doi
510 2633 583 2682 cose
606 2616 675 2682 solo
698 2616 777 2694 diro,
801 2615 859 2681 che
881 2617 1082 2682 basterauno.
1106 2616 1210 2682 'l'anta
1225 2618 1386 2699 openiono
1402 2636 1469 2700 era,
1487 2635 1567 2696 vera

269 2789 295 2874 ι)
317 2792 529 2868 hggiougiamo
558 2792 609 2865 qui
638 2809 677 2851 un
708 2793 836 2866 precioso
866 2759 966 2855 6611116
990 2795 1157 2854 conservato
1179 2795 1226 2853 nel
1248 2795 1348 2857 veneto
1370 2793 1510 2874 archivio,
1535 2793 1568 2856 in

222 2879 269 2939 cui
291 2879 316 2938 si
339 2879 421 2953 parla
442 2878 472 2937 ‹li
494 2879 605 2938 hlamlo
627 2879 737 2938 tuttora
758 2879 893 2941 vivente:

380 3015 562 3076 serenissme
584 3017 715 3092 princeps
738 3019 767 3077 et
789 3019 1033 3081 excellentissime.

266 3138 398 3198 Essendo
419 3138 447 3198 io
469 3138 515 3198 611
536 3139 622 3198 116116
644 3136 808 3213 inquietabo
831 3138 896 3202 dale
918 3141 1092 3215 querimonis
1114 3141 1149 3200 (16
1171 3141 1291 3202 6116111111
1313 3142 1348 3201 de
1372 3142 1475 3214 questo
1492 3142 1570 3218 loco,

223 3225 276 3285 che
299 3225 321 3285 li
343 3225 407 3284 suoi
428 3224 551 3300 figliuoli
573 3225 692 3300 prodiga
713 3227 831 3286 noventu
854 3229 973 3287 secondo
996 3228 1059 3288 ohel
1081 3243 1112 3288 sa
1133 3225 1233 3287 faoeva
1255 3227 1277 3286 11
1299 3228 1407 3298 recolli,
1425 3227 1488 3286 cusi
1507 3229 1573 3289 loro

222 3327 253 3370 se
274 3313 434 3370 metlevano
456 3327 609 3390 anuogar,
632 3315 821 3374 consumendo
851 3315 947 3388 quella
975 3313 1146 3393 substantia,
1170 3315 1235 3372 dela
1257 3315 1327 3387 qual
1350 3315 1495 3373 dovovauo
1523 3317 1572 3374 vi-

222 3414 272 3457 ver
294 3413 358 3457 cum
381 3397 402 3456 li
424 3397 483 3456 loro
504 3397 587 3471 padri
616 3399 646 3456 61
674 3396 801 3458 familie:
825 3399 971 3460 sedendoli
993 3417 1048 3460 non
1071 3399 1130 3460 solo
1153 3399 1308 3474 dispreoiar
1330 3401 1352 3458 li
1373 3399 1488 3474 paterni
1514 3402 1572 3460 ad-

222 3483 384 3542 monimenti
409 3483 471 3542 delo
494 3483 685 3542 eruditissimo
707 3485 818 3544 domino
841 3486 935 3545 Marco
959 3487 1080 3562 llarula,
1103 3501 1225 3560 persona
1248 3485 1367 3559 antiqua
1389 3487 1419 3544 61
1440 3485 1493 3544 ohe
1520 3503 1570 3546 re-

222 3569 328 3628 verisoe
350 3569 436 3628 molto
457 3570 485 3628 sl
506 3569 603 3644 signor
625 3569 689 3648 Dio,
705 3569 802 3629 iaotoli
825 3588 843 3629 a
864 3572 950 3632 bocca
972 3574 1002 3630 et
1024 3573 1054 3631 in
1076 3571 1191 3645 scriptis
1214 3589 1298 3646 sopra
1316 3574 1343 3631 16
1358 3571 1454 3646 pianve
1472 3571 1573 3632 etiam
1670 3573 1671 3584 ’

223 3671 287 3714 oum
309 3671 446 3728 pavurose
468 3655 577 3714 minace
599 3657 629 3716 61
650 3656 815 3716 brutissima
846 3657 953 3733 ligure:
984 3675 1031 3717 ma
1053 3660 1178 3718 anchora
1200 3674 1255 3718 non
1278 3660 1367 3717 temer
1389 3658 1416 3715 16
1438 3659 1573 3718 sanctis·

222 3742 293 3800 sime
314 3741 372 3800 1616
394 3741 439 3801 del
451 3743 546 3800 vostro
561 3741 792 3802 eccellentissimo
807 3744 949 3819 couseglio
964 3745 993 3804 di
1008 3745 1034 3803 X
1049 3745 1182 3818 preconia
1196 3760 1263 3804 voce
1278 3745 1437 3817 publicato:
1454 3746 1483 3802 61
1498 3761 1572 3818 pre-

223 3827 305 3901 cipue
329 3827 448 3886 Jaoomo
471 3827 587 3887 Tartaia
609 3827 656 3887 fiol
680 3829 714 3892 de
737 3843 782 3888 ser
805 3829 912 3909 Nicolo,
944 3833 1012 3904 qual
1034 3832 1147 3904 publico
1169 3832 1208 3890 ha
1230 3832 1326 3890 voluto
1348 3830 1393 3901 far
1414 3845 1472 3888 una
1496 3847 1574 3904 par-

222 3911 294 3989 tila,
318 3913 476 3974 excedendo
499 3913 509 3972 i
531 3914 628 3976 ordeni
651 3916 686 3973 de
707 3917 803 3974 vostra
825 3915 957 3992 serenith,
982 3934 1032 3992 per
1054 3917 1076 3975 il
1092 3919 1143 3976 che
1166 3916 1185 3976 l'
1198 3918 1235 3976 ho
1251 3918 1426 3977 condemnato
1443 3915 1473 3974 in
1489 3914 1574 4000 (50)

223 3999 331 4076 ducati,
356 4001 385 4058 61
406 3998 524 4059 reducto
546 4000 575 4058 in
598 4001 703 4080 gratia,
727 4017 777 4076 por
800 4002 919 4061 barense
942 4004 1103 4074 humiliato,
1126 4004 1156 4062 in
1180 4003 1278 4062 ducati
1301 4005 1352 4080 25,
1369 4003 1390 4062 il
1408 4012 1481 4062 terno
1499 4004 1574 4064 dela

223 4085 292 4159 qual
315 4101 388 4160 pena
409 4086 512 4144 maudo
544 4086 594 4145 alli
625 4087 856 4146 excellentissimi
879 4087 985 4162 signori
1008 4091 1082 4165 oapi,
1107 4092 1135 4148 61
1157 4090 1186 4147 61
1208 4089 1358 4164 magnifico
1381 4089 1572 4164 camerlengo

223 4172 269 4232 ‹lel
300 4171 441 4244 prelibato
472 4172 706 4232 excellentissimo
738 4173 878 4248 conseglio
909 4174 939 4233 di
961 4175 995 4249 X,
1027 4176 1107 4236 iuxta
1130 4174 1271 4234 16161116
1293 4176 1358 4234 dela
1379 4175 1574 4238 commissiou

223 4257 331 4317 (11161111
353 4274 404 4331 per
425 4260 523 4318 vostra
545 4259 678 4320 aaronita.
703 4257 789 4320 Ouios
812 4261 923 4334 gratiae
944 4261 1093 4320 humiliter
1114 4276 1159 4319 me
1182 4263 1353 4321 commendo.
1370 4262 1475 4320 Datum
1492 4263 1573 4336 spa-

223 4343 410 4410 1611111626
441 4344 600 4404 novembris
627 4346 718 4406 1518.
750 4346 916 4406 Serenitatis
940 4345 1229 4408 16611611666166116
1253 4347 1326 4406 (16161
1350 4347 1492 4406 66116661
1518 4367 1572 4411 oa-

223 4430 357 4502 pitaneus
387 4430 505 4504 Spoleti.
539 4430 583 4488 Ex
605 4431 708 4504 bergo:
731 4432 940 4492 Illustrissimis
963 4436 992 4492 61
1014 4432 1179 4493 clarissimis
1203 4433 1323 4492 dominis
1346 4433 1490 4507 capitibus
1516 4451 1573 4496 611-

224 4513 418 4574 66116111661111
441 4516 551 4576 consilii
572 4517 599 4574 11
621 4519 651 4576 61
672 4517 734 4576 eius
756 4519 852 4578 honor.
877 4521 1046 4598 camerario,
1069 4519 1190 4581 dominis
1213 4519 1494 4580 observandissimis'.

267 4599 450 4663 ubeebanea
468 4603 498 4666 (11
520 4603 607 4664 carte.
631 4603 776 4677 Oousiglio
798 4605 828 4664 ui
850 4605 888 4666 X.

1660 4907 1668 5140 l
