3322 5174
186 252 249 322 170

187 454 295 521 nuisse
311 454 426 522 dicitur
436 458 557 540 jugum.
580 455 670 524 Haec
685 457 838 538 siquidem
853 456 1029 524 Romanum
1044 457 1119 524 olim
1142 455 1297 540 (potentia
1314 475 1373 522 sua
1397 459 1526 524 caelum

185 540 340 628 aequans)
364 543 525 610 audivisse
547 544 653 626 potius
676 561 770 626 quam
794 544 932 610 sensisse
955 543 1070 609 dicitur
1092 543 1274 625 imperium:
1307 549 1339 610 et
1361 543 1440 608 nulli
1463 564 1525 609 un-

185 647 282 710 quam
303 635 525 710 praeterquam
549 631 680 698 Octavio
703 630 843 697 fortasse
865 630 1008 713 Augusto
1031 631 1182 696 tributum
1216 631 1344 698 dedisse
1368 631 1525 715 creditur,

183 715 322 797 quinimo
347 723 380 780 et
401 715 532 781 Darium
554 723 676 784 temere
699 718 907 783 assultantem
930 715 1112 784 foedissime
1134 718 1252 800 reiecit,
1277 723 1310 782 at
1327 715 1445 799 Cyrum
1469 720 1526 784 vel

184 820 256 867 cnm
286 804 453 884 manipulis
483 804 582 885 (quod
611 805 672 870 dici
694 802 789 889 solet)
820 803 953 886 delevit,
983 811 1079 885 atque
1112 805 1191 870 adeo
1214 802 1388 870 Alexandri
1413 804 1524 871 Mace-

183 888 272 954 donis
295 890 406 954 ducem
430 889 638 971 Zoporionem
668 893 712 957 ita
743 891 930 972 prostravit,
962 898 997 956 nt
1018 911 1058 958 ne
1083 891 1280 974 pyrophorus
1312 892 1440 974 quidem
1464 911 1520 958 re-

181 976 287 1056 liquus
309 973 417 1056 fieret;
441 976 562 1044 Turcae
585 979 713 1060 inquam
729 978 894 1060 Scytarum
916 980 1083 1061 progenies
1107 979 1293 1060 (Pomponio
1310 977 1395 1044 Mela
1410 981 1517 1058 teste)

182 1060 352 1142 eRipheis
375 1064 534 1129 montibus
551 1065 661 1148 Pipini,
687 1066 844 1146 quondam
860 1063 1023 1130 Gallorum
1049 1065 1134 1146 regis
1157 1065 1363 1145 temporibus,
1386 1066 1520 1132 modica

182 1149 309 1230 quidem
331 1149 362 1212 in
385 1150 537 1232 principio
569 1163 602 1218 et
630 1152 834 1218 tumultuarie
864 1151 976 1217 saltem
1000 1149 1135 1217 conflata
1168 1170 1263 1216 manu
1291 1152 1403 1218 Asiam
1426 1152 1519 1218 inva-

182 1243 301 1318 serunt,
326 1235 496 1317 accitisque
518 1240 643 1305 demum
666 1244 699 1304 et
714 1239 922 1320 undecunque
945 1258 1146 1320 peromnem
1170 1240 1365 1304 occasionem
1389 1241 1522 1321 conqui-

183 1322 262 1400 sitis,
285 1324 318 1386 in
341 1325 594 1408 consortiumque
617 1345 708 1392 suum
739 1323 956 1411 (quoscunque
988 1326 1167 1408 rapinarum
1197 1331 1231 1390 et
1254 1327 1373 1409 praede
1395 1325 1520 1392 habere

181 1413 329 1490 poterant
351 1410 494 1493 cupidos)
517 1413 659 1486 assertis,
684 1413 724 1478 ad
747 1431 816 1478 eam
839 1415 967 1478 taudem
989 1413 1078 1478 bravi
1094 1412 1245 1492 temporis
1268 1411 1438 1478 intervallo
1463 1414 1523 1479 de-

181 1500 336 1560 venerunt
357 1499 566 1578 gerendarum
589 1519 694 1566 rerum
717 1499 927 1578 foelicitatem,
952 1505 988 1564 ut
1011 1501 1187 1581 complures
1211 1499 1306 1564 urbes
1330 1503 1363 1565 et
1387 1500 1516 1581 oppida,

182 1581 297 1661 partim
312 1581 479 1670 deditione,
496 1587 610 1667 partim
634 1589 665 1652 ui
688 1588 718 1652 iu
744 1591 935 1669 potestatem
956 1605 1045 1652 suam
1068 1586 1260 1668 redigerent.
1276 1585 1357 1651 Hinc
1379 1587 1522 1652 omnium

183 1667 283 1749 primo
313 1667 463 1750 Halanos,
487 1672 560 1738 inde
591 1673 723 1740 Colchos
746 1677 779 1740 et
808 1673 983 1752 Armenios,
1020 1679 1179 1752 postremo
1210 1673 1326 1738 Persas
1360 1679 1393 1738 et
1424 1673 1521 1739 Sara-

181 1771 285 1834 cenos,
310 1754 425 1822 deinde
459 1759 512 1824 ubi
536 1760 619 1826 circa
640 1761 882 1843 Hellespontum
914 1761 1130 1826 consedissent
1164 1761 1336 1826 maioribus
1360 1759 1519 1826 subinde

181 1838 339 1924 suffragiis
362 1844 464 1924 aucti,
492 1851 581 1912 tanta
604 1867 698 1929 porro
721 1848 853 1913 audacia
876 1852 909 1912 et
941 1853 1006 1912 tam
1029 1846 1193 1928 tyrannico
1215 1847 1303 1912 rabie
1335 1843 1416 1912 fines
1440 1865 1518 1916 suos

181 1930 281 2008 magis
304 1931 465 2012 somogia
489 1935 599 2013 quovis
621 1935 767 2000 fortunae
791 1952 939 2000 successu
962 1952 1138 2016 propagare
1161 1939 1195 1999 et
1217 1932 1422 1999 clandestinis
1446 1935 1518 2016 qni-

181 2015 305 2095 busque
326 2015 573 2086 latrunculorum
596 2021 851 2100 excursionibus,
883 2021 1109 2102 irruptionibus
1141 2020 1276 2101 denique
1303 2039 1447 2086 necnon
1471 2021 1519 2085 in·

180 2102 318 2168 numeris
340 2104 519 2172 mortalium
542 2109 669 2189 praedis
692 2126 730 2174 ac
751 2108 920 2190 caedibus,
944 2108 1077 2173 dilatare
1100 2126 1162 2172 non
1186 2107 1389 2190 destiterunt,
1416 2107 1520 2174 donec

180 2189 325 2272 Pontum,
341 2189 583 2282 Cappadociam,
599 2195 779 2278 Phrygiam,
795 2195 1010 2277 Pamphiliam,
1026 2194 1152 2260 Cariam
1164 2200 1197 2259 ct
1208 2213 1332 2259 omnem
1347 2194 1379 2258 in
1394 2213 1519 2260 summa

181 2275 334 2342 minorem
356 2276 472 2358 Asiam,
496 2299 516 2346 a
539 2282 644 2349 Tauro
670 2284 710 2347 ad
733 2300 821 2348 oram
842 2300 944 2362 usque
966 2281 1079 2348 Joniae
1103 2287 1136 2346 et
1159 2282 1269 2347 littora
1291 2281 1396 2363 graeci
1419 2282 1518 2347 maris

181 2371 378 2444 occuparant.
409 2363 503 2434 Unde
525 2367 654 2454 factum,
678 2370 762 2450 quod
781 2373 872 2434 tanta
894 2370 1020 2435 demum
1043 2369 1182 2450 vulgaris
1214 2368 1365 2434 victoriae
1388 2387 1518 2451 praero-

181 2449 288 2532 gativa
311 2451 486 2534 pollerent,
522 2461 555 2522 et
577 2458 609 2522 in
631 2463 754 2524 tanturn
778 2455 916 2522 omnium
939 2455 970 2519 in
994 2473 1028 2520 se
1052 2461 1117 2520 tum
1141 2455 1261 2522 animos
1290 2472 1384 2536 quam
1408 2456 1518 2522 oculos

182 2541 419 2622 converterent,
450 2547 486 2607 ut
508 2561 579 2610 cum
600 2561 683 2609 anno
706 2542 818 2609 christi
843 2548 923 2607 1349
949 2540 1333 2624 Constantinopolitanum
1355 2542 1516 2610 intestinis

182 2619 334 2720 ilograret
356 2624 493 2696 dissidiis
516 2631 699 2714 imperium,
731 2631 966 2711 imperatorque
989 2630 1075 2710 ipse,
1107 2629 1146 2694 de
1170 2629 1329 2696 obstinata
1351 2646 1519 2710 procerum

183 2709 306 2790 imperii
336 2712 437 2792 primo
468 2735 594 2799 quoquo
622 2723 763 2800 tempore
794 2717 965 2782 coercenda
987 2717 1148 2782 laboraret
1171 2715 1389 2800 contumacia,
1420 2715 1518 2781 Amu-

181 2797 288 2864 rathes
311 2797 379 2880 ejus
394 2805 528 2869 nominis
551 2805 680 2887 primus
704 2809 775 2886 post
791 2803 994 2868 Ottomanum
1009 2803 1142 2884 primum
1166 2808 1200 2869 et
1216 2802 1397 2868 Orchanum
1417 2802 1518 2868 filium

181 2883 248 2948 eius
271 2885 441 2952 secundum
464 2890 637 2959 Turcarum
660 2911 763 2973 reges,
786 2909 841 2957 rex
863 2891 931 2971 ipse
954 2890 1127 2955 Turcarum
1149 2889 1272 2968 tertius,
1297 2908 1335 2956 ex
1364 2890 1440 2956 Asia
1464 2909 1518 2956 ex-

181 2970 279 3051 citus,
302 2971 377 3038 talis
400 2974 557 3046 vindictae
578 2985 769 3060 praetentu,
793 2997 855 3044 non
878 2978 980 3042 minus
1005 2977 1113 3044 dolose
1134 2995 1230 3058 quam
1253 2977 1383 3061 callide,
1408 2977 1518 3059 singu·

181 3057 241 3124 lari
263 3059 400 3140 quadam
415 3061 449 3126 in
464 3065 686 3148 imperatorem
702 3064 895 3148 gratitudine
918 3064 1067 3130 simulata
1090 3065 1140 3147 (ut
1154 3064 1299 3148 nimirum
1315 3070 1348 3130 et
1364 3061 1518 3147 suffragia

181 3164 239 3212 sua
260 3152 441 3228 poscentem
465 3169 503 3220 eo
526 3153 647 3219 facilius
663 3152 912 3231 circumveniret,
937 3155 974 3218 ut
996 3152 1055 3217 sub
1071 3157 1238 3233 praetextu
1253 3151 1385 3234 gerendi
1406 3153 1518 3232 moris,

180 3234 246 3302 suis
268 3232 336 3300 loco
361 3239 394 3300 et
416 3240 558 3323 temporo
581 3240 770 3324 oportunius
793 3237 999 3321 opprimeret)
1032 3238 1065 3302 in
1087 3243 1195 3304 tantas
1216 3255 1311 3318 porro
1335 3237 1518 3304 universum

181 3322 407 3405 propemodum
429 3328 592 3410 angustias
615 3327 778 3410 redegisse
807 3326 909 3392 fertur
931 3325 1113 3407 imperium,
1144 3330 1180 3391 ut
1202 3324 1279 3390 nihil
1309 3344 1391 3408 pene
1412 3325 1518 3392 maius

181 3411 249 3478 sola
271 3409 424 3477 duntaxat
447 3414 700 3480 denominatione
723 3414 792 3495 ipsa
815 3411 1173 3494 Constantinopolitanis
1208 3412 1248 3478 dc
1272 3419 1397 3481 caetero
1422 3413 1517 3479 relin-

181 3498 287 3582 quisae
311 3500 495 3567 crederetur
517 3501 770 3583 imperatoribus.

225 3583 369 3664 Quinimo
391 3585 482 3654 victis
504 3593 538 3655 st
560 3588 654 3670 paulo
677 3593 750 3670 post
772 3587 888 3669 partim
912 3586 1062 3653 atrociter
1078 3586 1228 3670 enecatis,
1251 3587 1366 3668 partim
1389 3587 1422 3652 in
1444 3606 1517 3668 per·

179 3677 308 3756 petuam
330 3675 517 3742 servitutem
539 3675 686 3751 redactis,
709 3675 833 3756 imperii
848 3673 948 3756 ipsius
971 3674 1089 3756 regulis
1113 3691 1150 3738 ac
1166 3674 1360 3756 despotibus,
1385 3675 1516 3741 tandem

180 3780 220 3826 ne
242 3759 426 3840 imperatori
449 3761 576 3842 quidem
598 3762 661 3844 ipsi
683 3779 832 3845 parcens,
865 3780 904 3827 ea
933 3779 1028 3842 porro
1059 3761 1270 3843 gerendarum
1300 3779 1376 3827 usus
1399 3761 1516 3828 dicitur

180 3849 280 3915 fuisse
310 3846 437 3914 fortuna
465 3867 587 3934 rerum,
618 3850 702 3931 quod
726 3849 908 3931 (antequam
941 3847 1125 3930 aldylosso
1155 3847 1329 3929 Kobyliczh
1352 3848 1520 3930 Mysorum

180 3936 321 4019 principe
344 3940 474 4003 strenuo
491 3936 706 4015 obtruncatus,
731 3936 798 4001 sive
822 3939 916 4016 prout
939 3935 993 4000 alii
1016 3936 1149 4000 credunt
1171 3954 1190 4000 a
1213 3935 1349 4016 quodam
1365 3934 1516 4001 Treballo

180 4024 280 4090 milite
305 4021 338 4086 in
360 4022 531 4088 vindictam
553 4023 639 4090 necis
663 4022 793 4090 Serviae
816 4021 965 4104 principis
981 4021 1094 4087 Lazari
1118 4021 1268 4104 despotis,
1292 4022 1362 4087 heri
1385 4022 1435 4086 sui
1456 4020 1519 4089 fica

181 4109 344 4198 confossus
367 4109 494 4192 luisset)
518 4110 685 4176 debellatis
709 4115 742 4176 et
763 4110 889 4190 penitus
906 4108 1060 4192 edomitis,
1084 4107 1135 4174 vel
1157 4107 1236 4175 haec
1258 4109 1328 4191 ipsa
1351 4109 1520 4176 occasione

180 4204 230 4266 tot
252 4204 285 4264 et
308 4197 488 4262 nationibus
511 4202 544 4263 et
567 4197 701 4279 populis,
727 4202 803 4278 quot
825 4195 1007 4278 posteritati
1032 4196 1157 4261 demum
1173 4214 1260 4278 suae,
1285 4213 1342 4277 pro
1365 4195 1520 4264 evincedo

181 4293 213 4350 et
236 4303 294 4366 per
315 4283 448 4365 primam
478 4285 673 4350 occasionem
704 4284 737 4348 in
760 4283 970 4350 omnimodam
992 4287 1184 4364 potestatem
1218 4301 1308 4348 suam
1330 4283 1518 4364 redigendo,

180 4378 248 4439 toto
270 4373 400 4452 insuper
423 4371 534 4436 eodem
557 4371 684 4436 residuo
707 4371 848 4452 imperio,
877 4375 1110 4451 praesentanea
1131 4387 1331 4451 nequaquam
1354 4369 1521 4438 dubitaret

182 4463 351 4539 suppetere
373 4455 532 4537 suffragia.
557 4457 594 4523 Id
617 4458 701 4538 quod
724 4476 794 4522 cum
817 4476 925 4522 omnes
949 4457 1002 4523 alii
1018 4474 1218 4524 successores
1241 4457 1300 4537 sui,
1324 4457 1519 4526 continuatis

180 4546 292 4611 iisdem
314 4545 392 4624 ipsis
415 4543 573 4626 auspiciis,
609 4562 666 4624 per
697 4544 759 4610 alia
788 4545 921 4611 subinde
952 4549 1049 4626 atque
1082 4544 1144 4610 alia
1176 4543 1398 4627 applaudentis
1422 4563 1521 4626 porro

181 4631 326 4704 fortunae
349 4631 560 4721 incrementa,
591 4636 657 4699 tum
690 4631 737 4698 vel
764 4632 898 4700 maxime
920 4629 1111 4698 Amarathes
1135 4632 1307 4712 secundus,
1339 4629 1522 4701 Turcarum
