3322 5174
186 265 245 336 1⁷2

183 485 373 550 quemquam
406 466 446 534 dc
469 471 595 534 caetero
628 465 834 534 barbarorum
857 465 908 532 vel
930 467 1086 530 tormenta
1108 463 1159 529 vel
1181 462 1292 542 iacula,
1317 460 1520 544 sagittasque

183 553 369 636 scloposque
385 559 536 634 metuere,
559 557 687 620 cunctos
701 571 776 620 vero
798 549 1008 618 omnimodam
1023 567 1153 632 prorsus
1175 549 1324 615 hostilem
1347 547 1521 632 floccipen-

184 641 260 707 dere
282 651 314 708 et
338 641 500 722 despicere
530 639 697 720 ferimtem,
728 639 796 706 sola
824 656 920 722 porro
951 656 1036 716 cura,
1060 641 1093 704 et
1115 637 1241 702 unicum
1263 637 1361 701 solius
1384 655 1518 703 servan-

184 729 243 794 dae
273 730 426 794 duntaxat
454 728 590 810 urgebat
619 726 808 794 desiderium
837 725 935 806 urbis,
958 731 995 790 ut
1017 724 1063 790 sio
1085 724 1214 789 tandem
1237 727 1271 788 et
1293 723 1412 789 virtute
1435 724 1520 791 duce

182 821 215 880 et
236 813 364 880 fortuna
386 814 509 894 comite,
533 817 598 879 tam
619 812 817 896 Hungariam
839 812 965 892 christo,
990 829 1084 893 quam
1107 811 1191 892 patri
1214 809 1338 891 patriae
1356 829 1447 875 suum
1467 830 1521 877 re·

182 919 276 984 gnum
300 907 466 966 servarent
487 901 565 981 regi.
589 898 683 965 Unde
704 898 832 984 facturn,
856 898 941 980 quod
963 899 1031 963 visa
1053 896 1152 963 hostis
1175 898 1243 977 ipsc
1266 901 1332 962 tam
1349 895 1522 965 obfirmata

182 988 385 1054 obsessorum
407 987 611 1062 contumacia,
635 1005 756 1052 necnon
777 985 1037 1068 praesentissima
1059 984 1234 1050 animorum
1251 985 1443 1063 constantia,
1461 1003 1521 1066 po-

183 1080 346 1156 steaquam
368 1075 487 1155 ipsein
510 1072 652 1140 eiusdem
675 1073 771 1138 castri
794 1073 967 1152 obsidione,
991 1076 1113 1152 septem
1125 1071 1266 1153 integros
1283 1089 1375 1136 casso
1390 1071 1516 1153 labore,

181 1179 240 1227 nec
260 1162 327 1226 sine
350 1161 484 1225 maxima
507 1179 634 1226 suorum
658 1165 775 1242 strage,
798 1159 940 1226 trivisset
972 1176 1107 1240 menses,
1122 1158 1218 1223 rebus
1234 1157 1362 1222 demum
1378 1158 1444 1224 suis
1459 1159 1520 1222 mi-

182 1267 251 1312 rum
274 1248 306 1311 in
322 1247 448 1313 modum
466 1247 586 1324 accisis,
611 1266 671 1328 quo
688 1267 722 1313 se
744 1251 857 1324 vertat,
882 1247 996 1327 quidve
1019 1263 1113 1326 porro
1128 1245 1285 1310 barbarus
1301 1244 1390 1309 aliud
1407 1243 1523 1331 (quam

181 1339 218 1399 nt
239 1333 314 1416 fuga
336 1339 400 1400 tam
424 1334 647 1415 suometipsins
671 1351 763 1414 quam
787 1333 986 1399 residuorum
1016 1349 1145 1397 snorum
1168 1330 1265 1396 saluti
1288 1331 1447 1415 consulat)
1472 1331 1522 1397 fa-

182 1421 252 1500 ciat,
272 1421 406 1502 ignorat,
437 1419 662 1487 fremebundus
683 1423 790 1502 itaque
813 1425 846 1487 et
867 1420 899 1484 in
928 1419 1098 1486 altissimos
1122 1417 1279 1500 singultus
1303 1419 1438 1502 solutus,
1463 1436 1520 1485 ca·

182 1507 318 1587 strisque
340 1507 403 1572 iam
417 1508 535 1574 maiore
550 1527 588 1573 ex
603 1513 694 1589 parte
716 1513 837 1585 exutus,
861 1507 948 1572 nulla
969 1505 1156 1586 interposita
1179 1523 1276 1590 more,
1298 1503 1437 1571 festinus
1460 1523 1522 1586 pa·

182 1593 319 1660 lantibus
340 1593 441 1675 sociis,
466 1595 550 1659 etin
573 1594 698 1659 diversa
720 1594 798 1675 (qua
820 1612 976 1675 quemque
993 1599 1048 1658 aut
1062 1610 1137 1673 spes
1161 1590 1308 1676 ducebat,
1334 1597 1392 1657 ant
1409 1599 1522 1659 metus

183 1680 234 1746 vel
255 1698 353 1762 paror
374 1681 520 1764 urgebat,
544 1678 707 1764 dispersis)
735 1679 949 1763 turpissimam
977 1698 1015 1745 ex
1044 1680 1206 1759 insperato
1229 1677 1370 1759 capessit
1392 1677 1522 1762 fugam,

184 1766 221 1830 In
243 1785 305 1848 quo
327 1767 453 1848 quidem
475 1767 532 1833 tali
553 1767 637 1832 bello
659 1767 790 1834 Joannis
812 1767 967 1833 Huniadis
990 1766 1116 1832 heroica
1144 1765 1324 1847 cumprimis
1358 1766 1521 1834 enituisse

183 1852 296 1918 dicitur
317 1855 426 1933 virtus,
439 1854 493 1936 qui
514 1855 620 1928 multis
644 1873 681 1918 eo
703 1859 770 1920 tum
793 1854 968 1920 'furcarum
990 1853 1088 1936 copiis
1110 1851 1226 1918 deletis
1243 1857 1275 1917 et
1290 1851 1424 1918 Serviae
1439 1872 1521 1934 par-

182 1944 246 2006 tem
269 1943 301 2006 ct
323 1945 421 2008 totam
453 1940 609 2022 recepisse
642 1943 778 2006 creditur
810 1941 1013 2024 Muldaviam,
1044 1941 1070 2006 is
1104 1939 1174 2020 ipse
1208 1937 1375 2020 quinquies
1399 1941 1520 2006 eodem

182 2026 251 2107 ipso
273 2026 356 2093 bello
379 2045 448 2092 cum
471 2027 582 2094 Turcis
608 2033 718 2110 aperto
747 2033 849 2094 marte
871 2028 971 2094 victor
994 2045 1118 2109 semper
1133 2043 1332 2108 congressus
1357 2032 1520 2110 partaque

181 2111 322 2196 victoria,
353 2112 534 2180 Amnrathis
564 2113 692 2198 insuper
721 2113 847 2180 affinem
876 2114 1045 2181 Natholiae
1074 2115 1210 2198 bassam,
1233 2113 1292 2179 sub
1315 2119 1440 2180 noctem
1464 2123 1521 2180 te·

181 2219 268 2267 mere
289 2220 324 2268 se
346 2199 522 2267 Hunniadis
551 2199 697 2268 fortunae
726 2201 936 2281 obiicientem,
971 2203 1016 2268 ita
1047 2201 1198 2280 conmisit,
1221 2206 1257 2265 nt
1279 2200 1410 2284 triginta
1434 2201 1523 2268 Tur·

183 2305 291 2354 corum
312 2287 410 2354 millia
432 2288 473 2353 ad
495 2287 736 2356 internetionem
759 2307 853 2355 caesa
874 2288 971 2354 fuisse
995 2288 1183 2355 dicerentur.

226 2373 295 2440 Nec
332 2374 491 2441 foeliciore
524 2394 671 2444 successu
693 2375 888 2442 Mahomebcs
923 2375 1079 2443 secundus
1109 2375 1283 2440 Tureorum
1305 2393 1361 2440 rex
1384 2379 1523 2444 octavus

184 2460 253 2543 (qui
283 2460 392 2546 supra)
423 2459 608 2548 praefatam,
628 2469 722 2545 prout
752 2462 834 2528 infra
854 2463 986 2542 dicetur,
1009 2461 1172 2528 infestavit
1193 2460 1395 2542 Belgradum,
1418 2461 1523 2544 idque

182 2551 257 2629 post
285 2555 495 2631 expugnatam
526 2550 669 2630 primum,
694 2555 727 2615 ct
749 2567 831 2616 anno
854 2549 961 2616 christi
987 2554 1067 2614 1453
1091 2548 1181 2614 nonis
1212 2547 1320 2629 aprilis
1342 2567 1402 2630 per
1424 2551 1522 2630 quin-

184 2634 335 2716 quaginta
353 2639 487 2716 quatuor
509 2636 577 2704 dies
600 2636 762 2704 obsidione
792 2637 983 2720 continuata,
1006 2636 1039 2701 in
1061 2639 1252 2720 potestatem
1275 2653 1364 2701 suam
1388 2635 1522 2718 (Flavio

186 2720 393 2788 Constantino
424 2723 624 2807 Pulaeologo,
655 2723 813 2790 Manuelis
840 2725 964 2806 junoris
987 2722 1051 2789 lilio
1085 2723 1286 2803 imperatore,
1310 2723 1343 2786 in
1365 2729 1522 2792 conserto

183 2807 349 2890 plusquam
382 2809 633 2893 octingentorum
663 2813 703 2878 ad
733 2815 856 2892 portam
886 2812 973 2877 urbis
996 2828 1145 2876 romanae
1168 2809 1284 2874 dictam
1306 2809 1340 2874 in
1361 2808 1438 2891 fuga
1461 2831 1522 2877 ex·

182 2895 350 2960 tinctorum
373 2895 517 2962 funerum
540 2895 705 2983 suffocato)
729 2897 889 2964 redactam
905 2897 1189 2978 costantinopolim
1208 2895 1320 2962 urbem
1341 2901 1409 2962 toto
1433 2899 1521 2967 orbe

182 2986 343 3047 terrarum
376 2987 410 3048 et
443 2983 622 3050 divitiarum
644 2991 677 3052 et
697 2985 858 3066 potentiae
891 2984 1059 3067 splendore
1092 2983 1306 3068 clarissimam,
1339 2983 1519 3065 quinimmo

184 3073 257 3150 post
276 3073 326 3134 tot
348 3073 466 3135 ettam
489 3071 647 3138 horrenda
675 3072 707 3136 in
736 3072 806 3154 ipsa
826 3072 955 3138 tandem
977 3090 1039 3138 non
1062 3071 1175 3136 saltem
1196 3071 1229 3134 in
1251 3070 1395 3152 utrisque
1419 3091 1522 3139 sexus

186 3155 255 3222 sine
277 3156 455 3223 discrimine
477 3158 681 3238 christicolas,
706 3158 857 3224 ancicae
880 3158 1053 3240 tyrannidis
1076 3157 1190 3224 coedes
1203 3162 1236 3223 et
1257 3155 1387 3241 flagitia,
1404 3160 1463 3224 sed
1482 3167 1522 3226 et

185 3247 258 3324 post
280 3243 520 3310 abominandam
543 3245 582 3311 ab
605 3245 783 3312 hominibus
806 3247 847 3311 ad
869 3245 1016 3312 violanda
1038 3246 1167 3310 numina
1178 3261 1362 3310 conversam
1378 3245 1516 3333 rabiem,

185 3329 239 3396 nbi
262 3349 322 3397 non
344 3335 466 3396 tantum
489 3339 685 3398 sacrantem
708 3337 882 3415 martyrum
905 3351 998 3414 quam
1022 3331 1236 3399 confessorum
1258 3330 1368 3397 christi
1392 3331 1514 3414 (horri-

185 3415 250 3483 bile
282 3415 381 3502 dictu)
421 3419 733 3486 contumeh0sissime
763 3439 801 3486 ex
829 3419 912 3485 fanis
943 3425 976 3487 et
1007 3419 1124 3502 cryptis
1158 3419 1286 3502 eiectas,
1311 3423 1377 3483 tum
1401 3420 1521 3488 suibus

185 3507 251 3568 tum
275 3505 405 3570 canibus
428 3505 568 3572 obiectas
590 3506 723 3573 vidisses
746 3505 906 3587 reliquias,
931 3507 988 3573 sed
1011 3513 1043 3572 et
1062 3507 1232 3588 ipsummet
1254 3504 1394 3571 deiferae
1410 3509 1522 3575 crucis

185 3589 406 3657 simulachrum
436 3611 493 3674 per
516 3593 583 3660 vias
607 3599 640 3660 et
662 3594 784 3674 plateas
816 3594 903 3660 urbis
932 3592 1192 3660 convitiosissimo
1226 3591 1430 3677 circumferri,
1455 3612 1523 3662 nec

184 3694 246 3742 non
280 3683 368 3743 tanta
400 3679 584 3760 petulantia,
619 3685 708 3746 tanta
740 3679 919 3761 ignominia,
950 3686 998 3746 tot
1021 3685 1053 3747 et
1075 3678 1298 3746 scommatibus
1322 3685 1355 3744 et
1377 3681 1519 3763 probris,

186 3764 339 3845 reonchis,
364 3765 473 3850 sibilis,
496 3766 710 3849 blasphemiis,
734 3771 766 3832 et
789 3767 821 3832 id
844 3785 944 3850 genus
967 3767 1135 3834 execrabili
1157 3765 1294 3831 ludibrio
1310 3764 1402 3841 affici,
1420 3773 1522 3848 sputo

183 3850 318 3932 denique
340 3869 377 3916 ac
399 3869 495 3919 caeno
517 3853 727 3936 conspurcari,
752 3859 787 3918 ut
809 3853 999 3920 credidisses
1023 3855 1085 3919 iam
1108 3855 1170 3919 iam
1188 3853 1239 3920 vel
1256 3853 1389 3919 caelitus
1404 3853 1520 3937 ignem

182 3939 282 4019 ipsum
315 3937 439 4004 divinae
470 3940 609 4006 iustitiae
638 3941 772 4008 ultorem
797 3941 1021 4007 descensurum
1044 3946 1077 4007 et
1100 3945 1165 4008 tarn
1188 3939 1373 4023 sacrilegam
1396 3941 1520 4009 barba-

182 4025 267 4090 ricae
295 4025 467 4107 impietatis
497 4027 660 4093 audaciam
694 4027 767 4112 (nisi
789 4025 849 4094 hoc
870 4028 975 4109 ipsum
997 4027 1179 4094 immediate
1201 4032 1312 4093 nostra
1333 4029 1421 4108 prius
1444 4047 1519 4094 me-

181 4112 320 4178 ruissent
351 4119 493 4198 peccata,
527 4112 554 4178 si
577 4133 638 4180 non
661 4115 702 4180 ad
723 4115 805 4180 hanc
827 4119 893 4179 tam
915 4115 1105 4181 horrendam
1127 4115 1306 4199 vindictam,
1324 4118 1434 4181 nostre
1449 4115 1518 4184 iarn

182 4199 255 4265 olim
277 4201 309 4265 in
333 4200 454 4266 coelum
484 4218 584 4281 usqne
615 4201 782 4267 clamantia
793 4252 802 4285 ,
833 4201 969 4268 divinam
1000 4201 1303 4268 animadversionem
1338 4219 1520 4282 provocas-

183 4294 256 4352 sent
278 4286 413 4372 scelera)
437 4287 628 4368 puniturum.
652 4288 728 4354 Post
749 4292 871 4354 tantam
893 4289 1022 4370 inquam
1044 4295 1078 4355 et
1099 4294 1166 4355 toto
1183 4307 1262 4356 aevo
1279 4288 1518 4370 detestandam,

181 4373 214 4437 in
246 4380 480 4441 sacrosanctam
510 4374 711 4440 christianam
740 4375 923 4458 religionem
945 4375 1099 4456 iniuriam,
1122 4381 1275 4458 tyrannus
1297 4374 1366 4456 ipse
1389 4381 1520 4444 tantum

182 4459 307 4525 demum
331 4461 395 4544 (vix
417 4463 491 4528 dnm
514 4462 606 4544 plene
638 4460 942 4544 Constantinopolim
970 4464 1133 4546 egressus)
1156 4463 1226 4530 aliis
1248 4461 1395 4528 hincinde
1418 4464 1517 4530 timo·

181 4564 248 4611 rem
281 4547 413 4614 incussit
447 4547 598 4632 confiniis,
621 4553 657 4614 ut
681 4567 716 4614 se
739 4550 842 4615 eidem
875 4551 1022 4617 universa
1055 4569 1094 4616 ex
1126 4550 1244 4632 templo
1268 4549 1401 4630 supplex
1424 4557 1520 4618 metu

178 4634 323 4724 perculsa
345 4635 501 4710 dediderit
523 4635 668 4711 Thracia.
691 4635 769 4708 Inde
791 4655 886 4724 porro
908 4637 978 4724 ipse
1001 4637 1241 4724 Peloponeson,
1257 4640 1423 4719 utramque
1445 4637 1520 4726 My-
