3322 5174
140 393 143 398 a
218 341 279 404 174

213 544 352 610 omnium
385 543 542 626 quondam
575 543 780 628 ingenuarum
818 543 1056 626 disciplinarum
1091 546 1226 610 matrem
1258 540 1352 624 cepit,
1377 541 1552 624 deletoque

212 633 408 698 Graecorum
429 631 570 713 imperio,
601 631 773 713 superioris
796 636 829 698 et
850 629 1007 697 inferioris
1028 629 1150 712 Mysiae
1172 648 1280 715 regua,
1303 629 1550 712 Peloponesum,

212 719 349 796 Lesbon,
373 715 545 798 Euboeam,
570 735 691 784 necnon
703 716 803 800 Aegei
825 718 954 783 insulas.
978 718 1104 783 Bosnae
1128 735 1270 799 reguum,
1283 717 1424 796 Epirum,
1449 733 1550 798 regno

213 825 270 872 suo
292 805 436 870 asseruit.
461 803 729 886 Trapezuntinnm
751 805 916 886 imperium
938 804 1030 886 pulso
1053 804 1248 885 imperatore
1271 803 1415 882 obtinuit.
1433 801 1550 866 Tauri·

211 909 280 958 cam
303 890 463 974 regionem
485 891 673 972 perdomuit,
689 892 722 956 in
736 889 916 958 Armeniam
938 910 1063 974 quoque
1084 891 1235 956 maiorem
1251 891 1423 972 ingressus,
1440 889 1550 970 Regu-

212 996 283 1045 scos
305 977 526 1057 stipendiarios
548 997 621 1045 suos
644 978 791 1058 reddidit,
819 978 998 1059 complures
1020 979 1098 1044 item
1119 978 1287 1042 Pariorum
1311 975 1407 1042 urbes
1441 993 1480 1040 ao
1503 975 1549 1040 ci-

214 1067 330 1131 vitates
353 1081 464 1129 eornm
487 1064 628 1147 principe
652 1065 751 1146 pulso,
782 1064 823 1131 ad
853 1066 1063 1147 acceptandas
1085 1064 1247 1144 pactiones
1271 1062 1431 1144 compulit.
1463 1061 1549 1126 Huic

148 1207 151 1210 .
214 1151 354 1231 denique
369 1150 599 1217 munitissimae
623 1150 735 1218 Graiae
757 1151 833 1218 urbs
855 1152 888 1216 in
910 1151 1100 1217 deditionem
1115 1151 1210 1216 venit.
1234 1151 1265 1216 Is
1279 1151 1312 1216 in
1327 1149 1548 1215 Macedoniam

210 1257 304 1322 porro
327 1238 608 1320 (quemadmodum
632 1238 869 1320 supradictum
892 1237 954 1320 est)
977 1238 1147 1321 ingressus,
1168 1237 1309 1303 Thraces
1325 1235 1448 1316 evertit,
1469 1235 1547 1299 Tre-

210 1325 311 1392 ballos
334 1325 460 1405 deleuit,
474 1325 596 1391 Paenos
619 1328 817 1407 expugnavit,
840 1323 1020 1391 Acarnanes
1043 1330 1139 1406 atque
1153 1321 1306 1389 Aethalos
1328 1321 1466 1404 propriis
1490 1340 1546 1388 eo-

161 1433 164 1442 ·
211 1431 282 1478 rum
315 1411 442 1477 sedibus
477 1411 622 1493 expulsit.
659 1412 742 1490 Quid
775 1412 937 1494 pluribus:
971 1416 1178 1492 posteaquam
1197 1408 1337 1476 infinitos
1361 1427 1445 1491 pene
1469 1427 1547 1489 quos

211 1497 287 1564 vicit
309 1503 342 1563 et
364 1498 397 1562 in
419 1517 509 1564 suam
543 1503 737 1578 potestatem
769 1504 921 1580 tyrannus
943 1498 1011 1580 ipse
1034 1497 1160 1580 redegit
1182 1498 1325 1578 populos,
1347 1501 1546 1576 extempora-

212 1604 275 1652 nea
297 1585 439 1650 oratione
470 1595 656 1651 enumerare
683 1586 734 1650 vix
761 1587 802 1650 sit
825 1585 983 1666 possibile.
1006 1584 1091 1649 lllud
1114 1584 1215 1650 solum
1236 1603 1293 1666 pro
1316 1583 1376 1648 hac
1398 1581 1547 1664 angustia

211 1671 364 1753 temporis
386 1671 419 1736 in
442 1672 692 1752 praesentiarum
715 1672 893 1740 ostendisse
915 1671 1063 1752 sufficiat,
1085 1673 1168 1737 hunc
1190 1671 1293 1751 ipsum
1315 1676 1483 1752 tyrannum
1501 1670 1546 1732 vi-

213 1757 294 1842 ginti
324 1758 510 1840 provincias,
544 1763 577 1824 et
607 1759 679 1840 plus
708 1759 811 1825 minus
841 1760 993 1824 ducentas
1017 1758 1258 1824 christianorum
1282 1757 1436 1822 duntaxat
1458 1755 1544 1838 (aliis

211 1844 372 1932 exceptis)
395 1848 501 1923 urbes,
523 1844 584 1911 sibi
605 1846 803 1929 subingasse,
826 1850 860 1911 et
881 1847 915 1910 in
938 1863 1029 1911 suam
1059 1850 1251 1927 potestatem
1274 1844 1464 1923 asseruisse,
1488 1860 1547 1908 nec

211 1951 276 1998 non
298 1933 348 1997 tat
369 1937 403 1996 et
424 1936 530 1998 tantos
553 1930 699 1998 hincinde
725 1932 804 1998 alios
828 1938 924 2013 atque
939 1933 1017 1998 alios
1040 1931 1236 2016 monarchas,
1262 1950 1365 2014 reges,
1390 1930 1487 1995 duces
1511 1947 1548 1993 ac

211 2017 372 2101 principes
394 2017 589 2101 profligasse,
614 2024 692 2099 quot
714 2019 742 2084 si
764 2019 834 2100 quis
857 2037 914 2086 suo
937 2019 1021 2085 iusto
1044 2019 1155 2084 ordine
1178 2021 1287 2100 (prout
1309 2016 1451 2082 historiis
1475 2035 1548 2097 pro-

211 2105 312 2172 ditum
335 2123 406 2172 esse
429 2105 650 2187 comperimus)
673 2123 838 2172 recensere
860 2107 945 2186 uelit,
978 2105 1065 2188 prius
1087 2106 1190 2188 ipsum
1211 2105 1336 2188 integra
1359 2103 1454 2170 etiam
1478 2103 1547 2167 dies

212 2209 306 2274 quam
329 2193 428 2258 rerba
450 2190 630 2260 deficerent.
654 2192 722 2258 Nec
742 2193 769 2259 is
790 2193 859 2275 ipse
881 2199 987 2259 tamen
1002 2211 1062 2258 neo
1077 2193 1183 2274 plures
1200 2191 1254 2257 alii
1271 2192 1385 2275 (donec
1400 2189 1548 2254 nimirum

211 2285 245 2344 et
266 2279 419 2345 iustitiam
442 2279 621 2346 colebamus
654 2286 687 2348 et
709 2297 905 2346 communem
927 2278 1131 2345 christianam
1154 2279 1380 2361 rempublicam
1412 2275 1548 2358 privatis

211 2365 378 2433 desideriis
412 2365 684 2451 praeferebamus)
717 2385 814 2448 supra
848 2367 964 2432 dictam
998 2365 1190 2449 Belgradum
1220 2383 1401 2447 expugnare
1434 2363 1549 2444 quirit.

211 2451 272 2519 Ast
292 2452 348 2518 ubi
369 2460 539 2535 utrumque
556 2455 682 2520 tandem
697 2459 817 2520 temere
833 2453 1082 2537 praeterivimus,
1096 2458 1129 2519 et
1142 2452 1337 2534 Belgradum
1351 2451 1451 2533 ipsam
1468 2450 1550 2514 ami-

212 2540 319 2610 simus,
347 2545 380 2606 et
412 2541 619 2608 vastabundis
650 2540 794 2607 hostibus
825 2539 937 2606 Turcis
972 2540 1152 2606 universam
1190 2539 1353 2622 Europam
1390 2537 1549 2618 amplissi-

211 2644 294 2692 mam
318 2625 412 2708 longe
434 2626 563 2709 lateque
585 2627 750 2710 grassandi
772 2629 853 2692 viam
877 2627 1067 2709 aperuimus.

256 2711 404 2781 soltanus
435 2713 622 2796 Solymanus
654 2714 817 2796 siquidem,
842 2713 951 2796 Solyni
973 2713 1125 2780 ottomani
1149 2712 1325 2778 lurcorum
1347 2711 1551 2792 imperatoris

214 2799 326 2866 decimi
348 2798 443 2880 filius,
466 2800 639 2868 'lurcorum
660 2802 730 2882 ipse
753 2819 879 2882 quoque
894 2802 1065 2882 imperator
1079 2799 1271 2881 undecimus,
1299 2803 1378 2864 1521
1402 2798 1551 2863 incarna-

212 2892 266 2954 tae
289 2886 401 2953 salutis
424 2906 515 2968 anno,
535 2888 613 2955 licet
634 2893 755 2955 tantam
777 2889 936 2955 iactitaret
957 2887 1142 2969 potentiam,
1165 2892 1199 2952 et
1220 2890 1310 2953 tanto
1332 2885 1394 2950 iam
1417 2885 1552 2950 tandem

212 2971 341 3040 inflatus
371 2978 561 3041 tumesceret
579 2973 673 3059 fastu,
697 2975 789 3056 quasi
811 2973 980 3041 altissimos
1004 2993 1128 3056 quoque
1151 2991 1209 3040 sua
1231 2973 1307 3039 sede
1328 2971 1432 3038 moliri
1455 2990 1551 3053 para-

212 3065 263 3126 ret
285 3065 408 3126 montes
430 3061 675 3129 insolentissime
698 3081 807 3145 regem
829 3079 940 3143 regum
962 3066 996 3128 et
1017 3061 1176 3128 dominum
1193 3060 1384 3143 gloriaretur
1401 3077 1474 3124 esse
1491 3059 1551 3126 do-

213 3146 409 3224 minantium,
433 3167 496 3214 non
518 3168 576 3215 sua
598 3154 704 3214 tamen
726 3150 780 3215 ille
803 3153 1044 3230 quantacunque
1059 3147 1201 3230 potentia
1224 3147 1281 3212 sed
1303 3146 1553 3212 christianorum

214 3235 319 3316 potius
353 3233 466 3316 supina
498 3253 592 3316 quam
625 3235 874 3317 improvidentia,
908 3253 949 3300 ne
982 3236 1083 3300 dicam
1118 3252 1224 3300 crassa
1255 3233 1380 3300 omnino
1403 3231 1554 3298 foelicior

213 3320 315 3388 iactus
346 3321 547 3406 negligentia,
569 3322 655 3389 nullo
677 3324 804 3404 penitus
825 3322 958 3388 notabili
978 3322 1088 3388 labore
1110 3321 1261 3402 nulloque
1284 3319 1408 3386 omnino
1432 3318 1553 3386 Martis

215 3407 393 3474 discrimine
414 3407 473 3474 hoc
495 3413 560 3474 tam
590 3407 803 3474 firmissimum
834 3413 867 3475 et
890 3409 987 3475 totius
1009 3408 1192 3492 Huugariae
1215 3407 1423 3488 potissimum,
1447 3406 1554 3488 Pyer-

215 3493 264 3560 chi
298 3495 411 3561 bassae
444 3495 594 3561 instinctu
628 3495 808 3578 (Valentino
838 3496 994 3578 quondam
1017 3495 1201 3578 cognomine
1223 3493 1377 3575 Thereclr,
1401 3493 1553 3560 eiusdem

215 3601 253 3646 eo
276 3586 342 3646 tum
366 3583 462 3648 castri
483 3581 643 3664 praefecto
666 3582 776 3648 Budee
793 3583 933 3668 absente,
957 3583 1151 3663 emeritaque
1174 3581 1412 3662 stipendialem
1435 3578 1554 3646 imioe-

214 3667 318 3734 liciter
349 3687 442 3749 quam
471 3669 692 3752 intempestiue
724 3669 881 3754 exigente)
906 3669 1068 3751 occupavit
1090 3669 1368 3752 propugnaculum.
1394 3665 1474 3731 Cum
1497 3673 1555 3733 ta·

214 3772 287 3820 men
308 3755 386 3821 illud
408 3775 427 3821 a
449 3757 565 3823 nostris
588 3754 628 3838 (si
650 3757 790 3822 historiis
814 3757 942 3822 credere
963 3755 1012 3823 fas
1035 3757 1097 3839 est)
1122 3763 1247 3822 centum
1270 3755 1434 3820 dumtaxat
1450 3752 1556 3836 (proh

215 3842 304 3909 dolor
335 3848 368 3907 et
400 3843 516 3926 pudor)
546 3843 607 3910 rite
630 3845 662 3908 in
685 3843 875 3926 stipendium
898 3843 1081 3926 numeratio,
1106 3842 1288 3908 conservari
1309 3841 1466 3923 potuisset
1489 3859 1555 3907 au-

214 3929 286 3996 reis.
309 3929 337 3997 0
361 3934 395 3996 et
416 3928 589 3996 infaustum
622 3936 656 3996 et
689 3930 817 3996 crudele
847 3947 969 3995 necnon
991 3932 1157 4012 plusquam
1180 3929 1388 3996 execrandum
1412 3927 1557 4008 punicae

214 4015 288 4083 fidei
309 4016 453 4098 pretium,
479 4035 540 4098 quo
562 4022 610 4082 tot
632 4017 772 4083 enormia
793 4017 853 4081 toti
874 4017 1023 4099 Europae
1053 4022 1160 4098 empta
1182 4021 1354 4090 cernuntur
1387 4015 1558 4096 periculo-

213 4121 283 4170 rum
306 4104 440 4185 piacula‚
464 4109 496 4170 et
518 4109 565 4170 tot
587 4110 737 4170 cruentae
759 4105 947 4178 miserorum
969 4103 1169 4170 venundatae
1193 4109 1267 4168 sunt
1289 4103 1438 4168 miriades
1462 4101 1556 4167 chri-

214 4191 395 4269 stianornm,
427 4191 495 4256 sola
525 4190 642 4256 etenim
672 4190 858 4272 Solymanus
891 4192 1009 4271 potitus
1042 4190 1209 4273 Belgrado,
1232 4190 1376 4272 protinus
1399 4205 1463 4252 non
1486 4191 1556 4255 sal-

213 4283 279 4344 tem
311 4277 397 4343 belle
431 4278 489 4344 sed
512 4282 545 4343 et
567 4297 602 4343 re
624 4281 657 4342 et
691 4279 816 4342 nomine
850 4279 1073 4352 bellissimum,
1108 4277 1337 4342 continuandae
1373 4293 1466 4358 porro
1500 4283 1558 4343 tot

214 4364 360 4447 auspiciis
382 4370 494 4431 auctae
516 4363 660 4430 fortunae
683 4383 760 4430 suae
782 4366 976 4445 comparavit
1005 4364 1146 4447 gradum,
1171 4382 1292 4430 necnon
1315 4363 1557 4444 amplissimum

218 4451 413 4518 exercendae
436 4453 476 4517 de
499 4457 624 4518 caetero
647 4451 680 4514 in
702 4451 895 4518 christicolas
923 4451 1097 4534 tyrannidis
1121 4469 1208 4524 suae,
1232 4449 1369 4514 obtinuit
1391 4467 1555 4532 campum,

214 4539 248 4603 Is
272 4539 343 4618 ipse
359 4557 505 4620 namque,
524 4541 678 4620 occupata
692 4536 862 4622 Belgrado,
878 4538 1085 4620 subsequenti
1099 4537 1291 4615 immediate,
1308 4536 1368 4602 hoc
1391 4540 1440 4600 est
1466 4540 1555 4604 1522

214 4643 306 4707 anno,
344 4626 402 4692 sub
436 4627 540 4708 ipsum
570 4623 686 4690 mensis
716 4623 794 4688 iunii
826 4623 920 4692 finem
954 4624 1195 4690 munitissimam
1215 4625 1248 4688 in
1271 4621 1443 4704 Carpathio
1467 4625 1557 4690 mari

139 4753 141 4756 -
213 4710 359 4776 Rhodum
377 4710 522 4793 insulam,
546 4710 846 4792 quadringentarum
867 4712 1022 4779 instructa
1048 4712 1150 4778 classe
1184 4711 1321 4790 nauum,
1342 4707 1557 4792 exercituque
