3322 5174
1402 365 1460 429 173
1518 438 1521 446 ,

124 565 217 647 siam,
241 567 381 654 Daciam,
405 567 607 646 Dardaniam,
631 566 822 636 Dalmatiam
846 573 879 636 et
902 565 1032 650 quiquid
1056 568 1208 636 Graeciae
1232 571 1461 637 conterminum

122 655 239 736 fuerat,
264 663 387 724 armata
408 657 586 740 perdomuit
601 677 706 738 manu,
724 657 831 737 sicque
847 657 931 721 omni
945 657 1090 738 opinione
1105 657 1202 738 prius,
1228 657 1459 724 nobilissimum

123 741 281 809 Graeciae
303 746 476 827 imperium,
500 749 708 826 posteaquam
729 744 807 810 illud
829 743 914 810 mille
937 748 1061 810 centum
1084 744 1197 826 viginti
1219 750 1252 810 ot
1273 763 1337 811 uno
1366 746 1457 812 annis

121 829 303 912 insignibus
325 833 442 898 clarum
466 833 553 914 prius
577 832 721 898 stetisset
743 831 892 911 victoriis,
916 831 1008 896 nnius
1031 831 1160 898 tandem
1184 831 1265 913 proh
1288 831 1377 897 dolor
1393 837 1459 897 tam

121 917 255 1006 barbari
277 919 422 1000 potentia
444 920 563 990 corruit
585 919 719 1003 tyranni,
743 918 827 985 unde
849 918 944 983 etiam
966 917 1034 998 ipse
1056 918 1194 984 omnium
1216 919 1349 984 aliorum
1373 918 1457 984 Tur·

120 1021 233 1070 corum
256 1006 375 1086 primus
399 1005 483 1092 (cum
512 1006 599 1088 prius
629 1024 721 1090 reges
745 1006 898 1071 duntaxat
920 1003 1112 1088 dicerentur)
1144 1005 1347 1089 imperatoris
1379 1005 1457 1070 titu-

119 1092 187 1159 lum
212 1091 273 1158 sibi
296 1093 470 1175 usurpavit.

164 1181 210 1244 Et
239 1198 419 1262 quanquam
449 1185 539 1246 tanto
569 1179 632 1246 iam
662 1179 789 1246 tandem
823 1183 942 1246 ettam
967 1178 1191 1262 augustissimo
1214 1183 1367 1260 tyrannus
1391 1179 1461 1260 ipse

119 1267 282 1347 potiretur
312 1268 452 1350 imperio,
483 1284 542 1332 nec
572 1287 609 1334 oo
631 1267 700 1349 ipso
730 1272 835 1331 tamen
857 1272 1033 1349 contentae,
1058 1267 1115 1331 sed
1137 1284 1198 1348 quo
1222 1265 1362 1331 foelicior
1389 1270 1460 1332 erat

118 1354 306 1434 impotentis
340 1354 436 1420 annui
467 1355 641 1439 temeritas,
665 1365 724 1420 noc
756 1354 851 1419 rebus
885 1352 1063 1418 christianis
1093 1352 1298 1433 perniciosior
1321 1351 1459 1418 subinde

118 1440 222 1523 magis
259 1441 419 1524 magisque
454 1441 527 1508 iude
561 1443 730 1524 ingruebat
764 1440 934 1523 calamitas,
958 1440 1003 1505 ita
1025 1445 1061 1504 ut
1083 1441 1156 1504 dum
1180 1444 1331 1520 tyrannus
1354 1443 1458 1504 totum

119 1529 231 1593 orbem
256 1534 289 1594 et
310 1529 417 1609 spoliis
440 1533 473 1594 et
496 1528 645 1594 caedibus
675 1529 805 1593 miscere
837 1528 1048 1605 contenderet,
1081 1525 1305 1590 nihilomnino
1328 1525 1459 1592 interim

117 1615 313 1680 intentatum
347 1615 550 1696 relinquerat,
585 1633 646 1696 quo
680 1615 782 1680 minus
817 1613 1059 1695 populabundus
1090 1615 1122 1678 in
1152 1613 1232 1679 alias
1256 1617 1352 1693 atquc
1376 1611 1458 1678 alias

117 1701 216 1784 longe
250 1702 377 1783 lateque
400 1702 561 1768 christiani
584 1719 678 1784 porro
711 1701 794 1767 orbis
828 1719 928 1782 usque
961 1703 1002 1766 ad
1035 1699 1238 1765 Macedoniae
1260 1699 1360 1780 ipsius
1384 1717 1458 1764 oras

120 1789 332 1869 progressus¹
364 1788 413 1872 (ut
444 1789 538 1854 Plinii
568 1795 640 1854 utor
662 1787 781 1871 verbis)
804 1793 960 1854 terrarum
984 1787 1141 1868 quondam
1164 1786 1265 1868 potita
1286 1785 1387 1851 foisse
1410 1786 1458 1850 di-

118 1879 249 1940 ceretur
257 1876 398 1956 imperio.
407 1876 496 1941 Haec
505 1875 622 1958 Asiam,
631 1875 819 1956 Armeniam,
828 1875 974 1954 iberiam,
982 1873 1155 1951 Albaniam,
1168 1871 1387 1955 Capadociam
1400 1871 1457 1954 Sy-

117 1962 211 2042 riam,
226 1961 418 2048 Aegyptum,
443 1961 592 2046 Taurum,
618 1962 794 2028 Caucasum
816 1967 1026 2044 transgressa,
1049 1961 1081 2024 in
1097 1959 1231 2039 Bactris,
1249 1943 1363 2038 Medis}
1379 1959 1458 2024 Por·

119 2049 165 2114 sis
191 2049 354 2114 dominata
377 2055 409 2116 et
430 2055 497 2116 toto
522 2069 603 2132 pene
618 2050 738 2115 oriente
760 2067 919 2132 possesso,
936 2048 1031 2114 etiam
1053 2047 1162 2112 Indiae
1185 2045 1305 2124 victrix,
1328 2063 1387 2126 por
1402 2065 1457 2112 ve·

118 2135 218 2216 stigia
248 2136 341 2201 liberi
372 2137 476 2202 Patris
499 2143 594 2218 atquo
617 2136 764 2202 Herculis
798 2154 932 2218 vagasse
953 2134 1064 2209 fertur,
1086 2134 1181 2214 paulo
1203 2139 1278 2214 post
1300 2132 1453 2213 amplissi·

116 2241 207 2287 mum
230 2221 412 2306 Hungariae
434 2224 539 2289 hostili
563 2224 704 2290 adoritur
726 2223 845 2306 impetu
866 2241 1006 2304 regnum,
1030 2223 1160 2303 ipsoque
1171 2220 1271 2302 primo
1292 2219 1401 2284 statim
1414 2220 1456 2305 ⁸in

116 2309 223 2390 ipsam
247 2309 400 2394 ingressu,
425 2329 506 2377 anno
530 2311 637 2376 christi
663 2313 753 2374 1456.
777 2309 837 2374 hoc
859 2315 908 2374 est
930 2309 1024 2374 tertio
1046 2313 1119 2389 post
1141 2311 1351 2387 expugnatam
1369 2304 1450 2371 Gon-

117 2397 362 2478 stantinopolim
385 2407 475 2474 anub,
498 2397 613 2464 ibidem
635 2397 712 2462 iunii
736 2395 928 2478 Belgradum
951 2413 1032 2476 quae
1051 2412 1147 2475 supra
1169 2391 1451 2460 innumerabilibus

117 2483 222 2564 copiis
256 2501 398 2550 necnon
420 2485 663 2550 instructissimo
687 2483 869 2564 peremnia
891 2481 1105 2548 circumvallat
1128 2481 1276 2558 exercitu,
1300 2480 1452 2545 resisten-

115 2571 207 2636 tibus
231 2569 357 2635 interim
380 2576 578 2652 castrumque
601 2572 703 2652 ipsum
720 2575 848 2635 strenue
871 2567 1110 2653 defendentibus
1126 2567 1249 2635 loanne
1266 2566 1454 2648 Capistrauo

115 2657 358 2740 religiosissimo
392 2659 623 2742 crucigerorum
656 2657 786 2722 militiae
821 2655 961 2722 antistita
992 2661 1025 2721 et
1059 2655 1080 2720 J
1083 2673 1182 2720 oanne
1205 2654 1363 2732 Huniade‚
1400 2653 1455 2734 qui

7 2767 8 2770 ¹
117 2762 218 2826 supra
251 2743 298 2809 roi
320 2743 464 2810 militaris
487 2743 601 2826 peritia
623 2751 799 2825 temporum
822 2761 950 2808 suorum
972 2741 1064 2808 facile
1086 2741 1237 2824 principe,
1255 2759 1316 2807 non
1340 2739 1455 2805 saltem

115 2849 183 2896 non
214 2848 396 2914 expugnare
426 2833 533 2914 quivit,
566 2833 622 2898 sed
643 2831 747 2897 oleum
767 2829 872 2912 potius
896 2835 928 2896 et
950 2847 1080 2911 operam
1102 2829 1249 2913 perdone,
1275 2827 1454 2908 desperatis

115 2917 247 2998 penitus
270 2919 365 2984 rebus
389 2921 463 2999 suis,
488 2921 560 3000 post
581 2923 630 2984 tot
652 2924 684 2984 et
706 2923 772 2983 tam
802 2916 1032 2982 fundatissimas
1053 2915 1232 2998 (oppidanis
1255 2913 1384 2996 quidem
1408 2914 1454 2978 la·

114 3005 273 3089 bonosae,
299 3007 356 3071 sed
379 3007 444 3072 suis
467 3008 551 3073 ultro
575 3005 716 3086 citroque
728 3003 950 3086 calamitioaas)
974 3021 1031 3084 per
1053 3003 1163 3084 uiginti
1186 3007 1321 3082 quatuor
1342 3017 1454 3081 saepa-

115 3110 251 3158 numero
275 3091 369 3158 horas
392 3093 558 3158 continuas
581 3091 821 3174 impressionum
846 3108 968 3172 pugnas
991 3095 1023 3156 et
1045 3090 1242 3154 obsidionem
1267 3088 1390 3154 solvere
1420 3093 1453 3152 et

115 3179 158 3243 ad
183 3178 394 3261 quadraginta
416 3180 486 3261 plus
509 3179 610 3245 minus
623 3179 721 3243 millia
743 3183 870 3244 suorum
888 3176 1085 3252 desideratis,
1102 3177 1186 3241 ultra
1201 3180 1325 3242 contum
1353 3191 1452 3240 aenea

116 3267 268 3348 (quorum
299 3283 358 3330 nec
386 3268 478 3348 plura
506 3284 565 3332 nec
594 3266 714 3332 maiora
735 3282 874 3345 unquam
896 3263 974 3328 alias
997 3263 1144 3328 habuisse
1167 3262 1294 3342 dicitur)
1329 3279 1367 3326 oo
1390 3260 1451 3325 loci

115 3359 253 3436 urgento
284 3351 360 3435 fuga
391 3358 516 3420 coactus
546 3352 644 3418 fuerit
673 3353 786 3418 bellica
820 3351 978 3416 dimittere
1002 3353 1167 3434 tormenta,
1192 3348 1325 3430 diligens
1350 3365 1450 3428 quan·

114 3440 234 3506 tumvis
256 3440 440 3520 turpissime
462 3439 582 3524 frigore,
606 3457 698 3521 quam
716 3438 946 3503 miserabiliter
974 3438 1096 3502 cadere.

161 3527 206 3590 Et
229 3527 275 3592 sic
298 3528 372 3591 dum
396 3532 429 3592 et
451 3528 618 3592 honestum
642 3526 712 3591 utili
734 3531 767 3591 at
785 3525 911 3607 publica
934 3523 1170 3604 preferebamus
1189 3520 1330 3604 privatis,
1353 3520 1452 3600 potis-

116 3613 233 3680 simum
256 3632 331 3680 vero
356 3633 393 3680 eo
418 3620 484 3678 tum
508 3615 606 3679 donec
629 3617 859 3678 sacrosanctam
886 3611 1073 3676 catholicam
1097 3615 1130 3676 et
1152 3608 1356 3688 apostolicam
1378 3605 1449 3671 reli·

115 3702 245 3782 gionem
270 3705 304 3766 et
326 3701 447 3766 sincere
478 3701 650 3766 coleremus
682 3705 715 3765 ot
737 3719 756 3764 a
779 3700 892 3780 pravis,
915 3699 1002 3764 vanis
1031 3717 1068 3762 ac
1090 3695 1253 3778 sacrilegis
1275 3694 1449 3760 haeretico·

114 3805 188 3853 rum
223 3787 422 3868 opinionibus
454 3788 536 3853 serio
560 3793 592 3852 et
615 3805 684 3852 curn
708 3785 824 3851 effectu
846 3785 1085 3867 vindicaremus,
1108 3783 1301 3866 Belgradum
1322 3780 1467 3846 interim«

114 3876 220 3956 ipsam
242 3891 282 3940 ne
305 3874 379 3958 dum
401 3893 463 3940 non
480 3875 543 3941 ‘vol
572 3872 759 3938 Amuratbes
789 3873 857 3954 ipse
881 3890 1059 3954 expugnare
1083 3871 1184 3951 quivit
1217 3869 1267 3935 vel
1289 3867 1449 3933 Mahome-

4 3979 5 4018 f
110 3965 178 4040 tes,
202 3961 255 4042 qui
276 3965 326 4026 tot
348 3962 471 4035 damna,
496 3966 543 4028 tot
572 3961 768 4026 incommoda
790 3965 824 4024 et
846 3964 969 4024 tantam
992 3957 1182 4026 christianae
1197 3955 1390 4038 reipublicae
1405 3955 1449 4017 in-

114 4049 195 4113 tulit
215 4047 395 4134 perniciem,
409 4053 558 4130 quantam
581 4066 638 4129 pro
661 4047 719 4112 hac
741 4046 886 4129 angustia
909 4045 1060 4126 temporis
1083 4045 1134 4110 vix
1155 4043 1306 4110 memoria
1321 4041 1384 4107 rite
1400 4059 1449 4106 ra·

114 4135 234 4214 colere,
257 4154 297 4201 ne
321 4135 395 4199 dum
426 4135 551 4216 scriptis
573 4153 630 4216 pro
654 4152 767 4200 causae
790 4133 889 4214 ipsius
915 4132 1034 4198 meritis
1057 4130 1323 4213 comprehendere
1347 4127 1449 4210 possi·

113 4222 182 4288 bile
205 4227 298 4287 esset.
321 4221 382 4287 Hic
405 4222 558 4302 siquidem
581 4226 629 4288 tot
651 4222 747 4287 urbes
771 4225 803 4286 et
833 4220 985 4301 civitates,
1009 4223 1058 4285 tot
1080 4237 1179 4302 regua
1201 4222 1234 4282 et
1256 4214 1448 4298 provincias,

113 4325 241 4374 necnon
270 4309 435 4390 potissima
466 4327 610 4390 quaeque
633 4308 693 4374 sibi
715 4307 842 4390 subegit
864 4306 1009 4391 dominia,
1033 4311 1069 4370 ut
1090 4305 1237 4370 universo
1262 4302 1357 4368 etiam
1380 4299 1450 4367 orbi

112 4395 223 4462 timori
245 4394 343 4462 fuisse
367 4395 510 4478 dicatum
531 4395 559 4460 is
575 4396 654 4478 ipse,
668 4395 803 4476 inquam,
827 4395 860 4458 in
875 4394 1004 4474 Europa
1026 4391 1192 4456 Thraciam
1209 4388 1337 4469 domuit,
1363 4385 1446 4452 Con·

112 4481 352 4564 stantinopolim
381 4483 489 4566 (prout
520 4501 615 4563 supra
645 4479 854 4567 ostendimus)
875 4479 1036 4552 orientalis
1058 4479 1181 4560 imperii
1203 4480 1308 4558 caput,
1333 4473 1447 4538 Adria·

113 4568 265 4655 nopclim,
288 4569 468 4652 Gallipolim
502 4567 693 4652 Helesponti
714 4570 824 4635 urbem
856 4567 1060 4634 clarissimam
1083 4565 1282 4648 expugnavit,
1308 4560 1450 4627 Athenas

167 4745 192 4829 ²)
215 4749 266 4819 Qui
288 4750 333 4811 sul
356 4748 482 4824 margine
504 4749 550 4808 sta
571 4746 670 4808 scritto
685 4764 702 4806 a
717 4763 815 4808 mano:
842 4762 914 4824 ,non
936 4743 1065 4806 obstante
1087 4743 1172 4804 etiam
1186 4743 1213 4804 si
1227 4743 1291 4818 ipsa
1313 4739 1379 4802 olim
1395 4784 1402 4800 .
1420 4732 1449 4798 .“
