3322 5174
1389 282 1448 350 169
1541 314 1545 322 ·

110 484 190 550 nihil
220 485 305 567 quod
334 484 435 551 solida
465 484 505 551 de
536 487 663 551 caetero
686 484 825 568 gaudere
847 484 965 566 poterit
984 503 1084 568 pace,
1117 484 1207 567 quod
1237 485 1312 566 quia
1332 503 1392 568 per
1414 503 1449 552 se

109 574 302 653 resmetipsa
322 572 478 654 loquitur,
501 572 547 638 ita
570 578 603 638 et
625 571 800 653 priscorum
822 571 885 636 iam
908 571 983 638 olim
1005 577 1183 654 temporum
1198 572 1450 639 luculentissime

111 659 199 724 dictu
220 659 373 726 horrendi
395 663 554 724 testantur
577 665 719 724 eventus.
813 737 816 744 ,

155 745 325 812 Enimvero
348 763 417 810 cum
441 745 549 810 Hunni
570 750 639 812 tota
654 746 812 826 quondam
835 763 898 812 non
912 744 1047 811 fuissent
1069 745 1210 812 contenti
1227 743 1366 828 Scythia,
1391 745 1448 812 sed

110 851 150 898 ex
174 833 307 898 asiatica
330 832 487 898 Sarmatia
509 833 648 914 egressi,
681 833 879 914 trajectoque
900 832 1046 898 Danubio
1079 833 1247 898 consertim
1270 833 1302 896 in
1322 832 1447 898 Panno·

108 920 181 985 nios
211 919 305 985 effusi
336 917 489 998 fuissent,
520 921 596 1001 ipsis
630 920 773 1000 protinus
801 918 1005 1001 perdomitis,
1036 921 1312 999 Romanorumque
1349 919 1447 1001 copiis

108 1005 328 1072 funestissimo
352 1012 451 1073 marte
472 1006 662 1090 profligatis:
688 1007 796 1071 statim
827 1023 898 1072 sese
919 1023 977 1088 per
1004 1025 1127 1073 ornnem
1158 1007 1335 1073 ocasionem
1366 1006 1447 1082 tanti

109 1093 171 1158 loci
193 1093 293 1174 ipsius
317 1095 536 1160 commoditate
560 1113 652 1175 quarn
676 1093 832 1174 dirigendi
854 1091 900 1175 (in
916 1110 1133 1175 quamcunque
1151 1093 1301 1175 Europae
1325 1098 1447 1174 partem

109 1179 298 1265 voluissent)
323 1180 397 1246 belli
419 1180 582 1260 facilitate,
604 1181 698 1263 longe
721 1180 849 1260 lateque
871 1180 904 1246 in
926 1184 1069 1247 caeteras
1093 1197 1187 1261 porro
1202 1180 1350 1262 Europae
1374 1197 1446 1246 oras

108 1269 288 1349 grassatori
312 1267 488 1350 accingunt,
513 1268 678 1350 omniaque
697 1267 815 1349 passim
831 1284 1115 1348 quorsumcumque
1138 1287 1174 1333 sc
1199 1271 1338 1349 vertunt,
1361 1266 1447 1332 ferro

108 1354 241 1436 ignique
264 1355 411 1428 miscent,
435 1356 514 1421 adeo
537 1361 573 1419 ut
595 1355 688 1436 paulo
710 1358 783 1435 post
805 1361 838 1420 et
859 1353 1010 1419 Illiricum
1037 1359 1070 1420 et
1091 1353 1321 1436 Macedoniam,
1346 1354 1446 1418 Thra-

108 1441 192 1504 ciam
216 1441 356 1522 itemque
373 1446 470 1522 atque
484 1441 617 1523 Mysiam
633 1442 811 1508 truculento
826 1446 989 1508 vastarent
1004 1442 1134 1524 impetu,
1158 1441 1294 1522 hincque
1318 1441 1447 1507 demum

108 1529 152 1592 ad
175 1527 323 1594 occiduas
346 1545 471 1610 quoque
485 1529 621 1594 Romani.
641 1528 763 1610 imperii
785 1533 894 1610 partes
909 1528 1061 1604 conversi,
1086 1527 1287 1595 Germaniam
1309 1525 1446 1595 infestis·

108 1614 199 1680 simis
221 1615 406 1680 adoriuntur
427 1615 677 1694 incursionibus3
701 1632 765 1696 qua
787 1615 1009 1681 miserabiliter
1031 1615 1114 1681 ultro
1138 1616 1279 1697 citroque
1301 1615 1448 1696 depopu-

107 1702 192 1802 lata,
217 1701 354 1767 Galliam
381 1720 476 1784 porro
502 1720 563 1769 nac
592 1720 655 1768 uon
677 1701 862 1783 Hispaniam
891 1702 1085 1768 terribilibus
1115 1702 1252 1769 victores
1274 1706 1448 1784 penetrant

108 1805 216 1853 armus.

154 1873 256 1951 Quale
280 1893 349 1940 cum
372 1875 496 1940 Hunuis
519 1874 592 1941 olim
608 1880 642 1941 et
657 1874 831 1956 peregrinis
855 1879 888 1940 et
909 1876 959 1942 vel
981 1880 1047 1940 tum
1069 1873 1208 1957 primum
1223 1875 1366 1956 aduenis,
1390 1893 1449 1942 uec

106 1963 251 2027 locorum
274 1961 400 2028 interim
423 1979 481 2028 nec
502 1961 682 2039 regionum,
706 1962 801 2044 longe
822 1963 927 2026 miuus
951 1967 1125 2042 tractuum,
1149 1963 1271 2028 viarum
1296 1962 1347 2029 vel
1372 1980 1446 2044 pro·

106 2067 277 2130 gressuum
306 2049 411 2131 gnaris
435 2049 517 2131 (sola
539 2049 702 2131 Hungaria
732 2049 886 2114 duntaxat
907 2049 1031 2131 potitis,
1062 2047 1148 2114 iactu
1179 2049 1329 2131 possibile
1358 2047 1447 2134 fuit),

106 2137 353 2219 quantomagis
377 2137 539 2217 magisque
561 2135 660 2221 (quod
683 2153 774 2202 omen
797 2135 884 2202 Deus
907 2137 1041 2216 avertat)
1064 2137 1165 2202 simile
1189 2136 1265 2218 quid
1289 2156 1306 2202 a
1330 2135 1444 2200 Turcis

105 2222 205 2287 hodie
227 2222 323 2307 ipsis,
350 2229 499 2304 tanquam
522 2221 678 2304 indigenis
696 2225 763 2305 jam
785 2222 914 2289 tandem
937 2228 1033 2304 atque
1057 2222 1238 2288 domesticis
1260 2223 1354 2305 plana
1379 2221 1448 2304 (qui

105 2327 171 2373 non
195 2314 262 2374 tam
285 2310 405 2374 viarum
431 2310 555 2394 saltem,
579 2326 672 2391 quam
696 2309 869 2392 regionum,
894 2311 951 2376 scd
977 2315 1010 2375 et
1035 2310 1188 2375 vadorum
1202 2314 1235 2376 et
1262 2310 1448 2376 semitarum

105 2414 190 2478 pene
215 2396 357 2476 ipsarum
380 2396 582 2476 compendia,
605 2415 747 2462 necnon
770 2397 1005 2479 potissimarum
1035 2394 1135 2462 ferme
1165 2401 1231 2461 tam
1254 2396 1446 2463 Germaniae

106 2501 203 2564 quam
227 2482 422 2566 Hungariae,
447 2481 614 2549 Boaemiaa
639 2489 735 2564 atque
758 2482 933 2549 Sarmatiae
957 2483 1120 2564 explorata
1154 2482 1272 2550 babere
1295 2483 1443 2549 dicuntur

105 2569 271 2650 praesidia
294 2569 431 2650 urbium)
462 2571 635 2637 cavendum
662 2571 732 2637 erit.
766 2570 943 2648 Quinimmo
973 2571 1013 2636 ab
1043 2571 1082 2636 iis
1105 2569 1218 2636 iisdem
1248 2570 1324 2652 ipsis
1354 2575 1445 2636 tanto

105 2657 230 2722 maiora
252 2656 348 2723 hodic
371 2675 463 2738 quam
487 2659 528 2724 ab
551 2657 674 2723 Hunnis
697 2657 771 2723 olim
792 2658 934 2723 cavenda
956 2663 1049 2723 erunt
1070 2657 1227 2740 pericula,
1248 2661 1366 2740 quanto
1391 2657 1446 2722 isti

104 2749 203 2826 parta
226 2745 289 2809 iam
313 2744 441 2809 tandem
464 2748 530 2809 tum
545 2744 720 2811 incredibili
737 2745 886 2828 potentia,
911 2745 1030 2811 maiore
1048 2744 1260 2826 gerendarum
1274 2745 1347 2809 hinc
1371 2744 1446 2810 iude

106 2831 234 2914 pollent
256 2831 452 2912 experientia
475 2849 591 2898 rerum.

149 2917 312 2999 Equidem
343 2936 413 2983 cum
444 2937 553 2984 verum
584 2917 626 2984 sit
647 2918 743 2998 illud,
775 2919 859 3000 quod
890 2919 1018 3002 quidam
1049 2920 1216 2986 universae
1246 2918 1446 3001 perpendens

106 3006 271 3072 solertiam
287 3010 429 3086 naturae,
453 3007 548 3072 dixit:
573 3006 649 3071 nihil
664 3006 833 3072 humanam
850 3011 916 3071 tam
938 3007 1002 3073 alte
1023 3007 1164 3088 potuisse
1180 3011 1335 3085 naturam,
1361 3005 1447 3086 quud

106 3095 283 3158 inmensus
307 3094 432 3174 assequi
448 3113 511 3161 non
522 3099 634 3175 posset
654 3093 755 3174 labor,
778 3093 897 3158 nullam
911 3098 948 3158 tu
970 3092 1112 3176 profecto
1128 3100 1194 3160 tam
1209 3092 1300 3159 firma
1316 3099 1446 3174 tamque

106 3179 225 3263 oppido
256 3180 409 3245 munitam
440 3182 621 3262 (dummodo
651 3181 727 3261 ipsis
750 3181 817 3247 eius
840 3182 1040 3261 impetendae
1070 3181 1160 3262 copia
1182 3179 1287 3266 fieret)
1322 3180 1355 3244 in
1378 3184 1447 3246 tota

106 3266 201 3334 facile
223 3267 355 3348 Europa
377 3269 517 3334 invenias
539 3269 659 3348 urbem,
683 3285 740 3348 pro
765 3287 827 3349 qua
849 3269 1023 3334 evincenda
1047 3267 1167 3334 'lurcos
1190 3269 1278 3349 ipsos
1303 3272 1446 3334 extrema

107 3373 235 3436 queque
259 3354 394 3420 caeteris
409 3356 548 3438 paribus,
572 3355 707 3437 experiri
723 3356 848 3437 pigeret
862 3355 1007 3437 pericula.
1035 3355 1159 3436 Quippe
1174 3354 1445 3435 quamadmodum

107 3441 233 3506 Tuscae
255 3441 328 3523 ipsi,
360 3459 417 3524 per
439 3463 474 3508 se
497 3444 575 3508 alias
598 3442 630 3506 in
654 3442 861 3520 christicolas,
892 3448 1009 3527 truces,
1033 3442 1187 3512 crudeles.
1219 3458 1363 3508 necnon
1388 3441 1445 3505 be-

107 3529 168 3594 lvis
193 3529 421 3610 propemodum
442 3530 518 3611 ipsis
541 3528 741 3596 immaniores
764 3529 912 3612 existunt,
935 3529 982 3594 ita
1004 3535 1038 3595 et
1059 3529 1092 3593 in
1113 3529 1206 3594 bellis
1223 3532 1332 3594 contra
1357 3529 1445 3608 ipsos

107 3615 259 3699 gerendis
291 3615 427 3682 audaces
461 3617 492 3681 in
524 3615 670 3682 conflictu
692 3635 852 3700 pugnaces
872 3622 967 3698 atque
990 3617 1071 3682 adeo
1102 3616 1134 3680 in
1164 3615 1315 3699 urgendis
1348 3615 1446 3695 inque

105 3703 330 3768 continuandis
353 3709 418 3769 tam
440 3703 654 3770 obsidionibus
681 3723 776 3786 quam
797 3703 1067 3785 impressionibus,
1091 3702 1337 3784 pervicacissimi
1354 3700 1445 3784 fiunt,

104 3793 211 3872 quale,
237 3792 264 3856 si
279 3790 455 3857 manifestis
477 3791 591 3857 docere
607 3791 686 3856 velis
702 3792 860 3872 exemplis,
884 3790 1075 3871 amplissimo
1092 3789 1272 3856 testimonio
1295 3789 1352 3855 tibi
1372 3806 1447 3854 asse

103 3881 251 3963 possunt,
274 3875 398 3943 infinita
424 3897 487 3942 non
517 3877 618 3944 solum
646 3878 679 3942 in
701 3878 845 3960 Europa,
878 3879 935 3943 sed
965 3883 998 3942 et
1027 3878 1060 3942 in
1084 3876 1158 3941 Asia
1181 3883 1213 3942 et
1243 3878 1276 3941 in
1298 3875 1445 3958 Aphrica

104 3966 209 4048 pasim
245 3964 435 4032 christianae
464 3964 652 4031 calamitatis
674 3964 823 4048 vestigia,
855 3969 886 4029 et
909 3969 945 4029 ut
967 3965 999 4028 in
1031 3965 1282 4045 praesentiarum
1306 3964 1345 4028 de
1370 3961 1446 4026 aliis

105 4052 185 4118 nihil
209 4053 331 4129 dicam,
353 4052 464 4119 saltem
489 4053 516 4117 si
538 4057 570 4117 te
590 4053 641 4117 vel
664 4053 704 4117 ad
726 4051 978 4134 potentissimam
1008 4052 1083 4116 olim
1116 4050 1148 4114 in
1171 4050 1285 4116 finibus
1309 4049 1447 4115 Traciae

106 4139 431 4220 Constantinopolim,
463 4140 513 4204 vel
543 4139 583 4204 ad
605 4139 846 4205 munitissimam
873 4138 906 4202 in
933 4139 1077 4221 partibus
1099 4137 1282 4220 Hungariae
1305 4136 1347 4202 ad
1370 4153 1447 4201 con·

105 4227 228 4294 fluenta
249 4225 419 4292 celebrium
441 4226 579 4292 Danubii
601 4231 635 4290 et
658 4225 732 4291 Sari
754 4224 916 4291 fluminum
939 4225 1032 4290 sitam
1056 4223 1168 4290 Albam
1198 4241 1344 4305 graecam
1369 4240 1447 4288 con·

104 4321 222 4394 vertas,
245 4313 367 4378 videbis
382 4311 525 4394 profecto
540 4312 625 4378 haud
641 4313 783 4387 obscure,
807 4331 869 4394 quo
886 4313 998 4390 studio,
1017 4315 1134 4392 quanto
1158 4314 1274 4376 conatu
1297 4314 1330 4375 et
1349 4325 1447 4390 quam

105 4401 268 4468 indefesso
288 4399 407 4484 labore,
431 4399 663 4465 nonobstante
686 4418 781 4482 saepe
805 4418 935 4466 numero
959 4404 1084 4464 suomet
1105 4397 1233 4478 proprio
1256 4413 1447 4477 quocunque

106 4491 238 4556 mudum
263 4486 392 4552 sinistro
416 4488 510 4552 etiam
533 4504 681 4551 successu
703 4487 782 4553 haec
803 4488 875 4568 ipsa
896 4484 1113 4568 perdomuerit
1137 4485 1217 4550 loca.

152 4577 196 4642 Et
211 4580 249 4640 ut
264 4572 375 4657 paucis
389 4573 490 4638 multa
504 4573 732 4656 perstringam:
756 4574 879 4639 Turcae
898 4571 1019 4655 origine
1035 4569 1174 4654 Scyttiae
1192 4569 1325 4654 (scytica
1340 4575 1448 4637 autem

106 4681 188 4748 gens
210 4665 308 4747 prout
329 4659 490 4744 proditum
522 4665 572 4729 ast
592 4659 752 4743 historiis,
776 4679 935 4746 nunquam
959 4664 1161 4726 externarum
1190 4657 1331 4746 gentium
1353 4658 1448 4728 susti·
